2196 3412
328 143 381 182 87
385 144 412 182 4
1055 145 1175 191 Caput
1195 145 1311 182 XVII.

439 258 574 293 Romae
603 260 652 293 ad
679 261 774 292 viam
798 259 966 293 Latinam
995 269 1090 302 rep„
1125 269 1220 292 uma
1249 269 1452 294 marmorea
1475 260 1655 304 quadrata
1686 260 1870 303 eleganter
1896 260 2039 306 sculpta

327 315 402 361 (VI
421 315 530 351 45756
553 316 648 349 vidit
670 315 712 348 de
731 314 853 356 Rom·;
877 315 1072 355 Benndorf
1089 318 1124 348 et
1149 315 1306 349 Selmena
1330 315 1489 350 Later-an
1511 327 1548 361 p.
1566 316 1631 351 403
1653 327 1689 352 n.
1706 316 1818 361 177b).

442 373 558 406 Areae
573 374 712 415 aperiri
728 374 897 405 vetantur
919 373 1126 414 saepissime
1150 373 1189 404 in
1207 373 1505 416 inscriptionibus
1528 375 1655 407 aetatis
1672 374 1834 416 labentis,
1858 371 1908 414 cf.
1922 383 2040 419 cupra

327 429 373 463 Ν.
397 429 492 463 4960.
518 430 604 463 2796
617 439 686 470 seq.
710 429 812 469 7256,
844 427 947 467 infra
971 427 1016 461 Ν.
1031 427 1122 462 8247
1134 439 1203 468 seq.

440 508 557 555 8108
614 510 651 550 d.
682 521 732 553 m.
762 507 769 563 Ι
795 510 962 562 Cuspiae
991 510 1196 563 Aegialles.
1256 509 1341 549 Hoc
1376 510 1607 563 sarcophag.
1638 511 1783 565 aperiri
1810 508 1816 566 Ι
1844 525 1884 551 n.
1915 511 1982 552 lic.

442 576 583 618 Romae,
606 578 854 620 sarcophagus
877 576 947 617 (VI
970 577 1080 611 46695
1104 577 1195 610 vidit
1219 577 1432 618 Burmann).

440 656 555 704 8109
613 659 651 699 d.
682 670 734 698 m.
775 657 783 712 Ι
823 659 873 699 Μ.
904 659 1064 699 Aurelio
1094 659 1218 711 Augg.
1260 658 1327 698 lib.
1366 657 1372 712 Ι
1414 657 1643 711 Elpideforo
1679 671 1727 699 eo
1766 660 1852 700 vivo
1893 657 1900 714 Ι
1939 672 2042 701 con-

329 727 446 768 cessit
474 727 607 767 locum
637 725 862 781 dulplicem‚
893 727 1142 779 sarcofagum
1171 724 1176 781 Ι
1211 726 1453 767 intrantibus
1481 733 1584 780 part.
1614 727 1750 768 dextra
1776 726 1783 782 Ι
1809 728 1854 769 L.
1885 730 2041 770 Arrun-

327 796 406 836 tius
436 795 714 836 Felicissimus.

442 861 575 896 Romae
598 862 671 906 (VJ
691 862 800 898 43078
823 862 914 895 vidit
938 862 1108 906 Henzen).

442 943 558 990 8110
596 946 636 988 P.
661 946 794 985 Aelius
816 945 1059 986 Venerianus
1085 943 1092 1000 Ι
1120 945 1196 985 boc
1215 958 1281 985 vas
1304 944 1520 985 disomum¹
1541 944 1617 985 sibi
1638 951 1677 985 et
1703 942 1709 998 Ι
1736 944 1927 986 Felicitati
1946 957 2042 987 suae

329 1014 463 1067 posuit
492 1020 532 1054 et
556 1012 563 1068 Ι
589 1013 789 1054 tribunal²
818 1026 866 1053 ex
896 1014 1094 1066 permissu
1123 1013 1297 1066 pontiff.⁸
1326 1013 1506 1066 perfecit.

443 1081 638 1115 Beneventi
661 1079 732 1124 (IX
743 1080 832 1114 4729
856 1079 903 1120 cf.
925 1091 960 1123 p.
975 1082 1041 1114 695
1065 1080 1259 1124 aliquoties
1275 1080 1455 1123 descripta
1478 1089 1570 1114 saec.
1586 1079 1836 1124 XV—XVII).
1851 1099 1898 1106 —
1922 1082 1955 1123 1)
1977 1079 2044 1114 Bi·

329 1147 447 1170 snmus
472 1135 602 1182 (Iocus)
628 1140 680 1170 est
701 1147 813 1180 supra
837 1137 884 1171 N.
899 1138 1006 1180 7565;
1037 1138 1081 1171 de
1097 1136 1200 1171 Ros-si
1222 1139 1332 1170 inser.
1351 1137 1474 1170 christ.
1500 1136 1521 1169 1
1539 1138 1619 1171 355.
1643 1137 1715 1172 552
1740 1137 1848 1180 alibi,
1872 1136 2044 1171 bisosom-

329 1193 382 1227 XI
402 1195 503 1228 2995.
528 1214 573 1219 —
597 1196 631 1235 2)
658 1193 711 1234 Cf.
737 1193 782 1228 N.
798 1194 895 1229 8404.
920 1214 966 1219 -
989 1196 1023 1234 3)
1053 1193 1108 1234 cr.
1132 1193 1178 1229 N.
1194 1194 1299 1228 8582.

444 1274 559 1320 8111
618 1276 655 1316 d.
686 1288 739 1316 m.
782 1274 787 1330 Ι
829 1276 883 1317 Cl.
915 1276 1158 1317 Venustinus
1192 1274 1198 1331 Ι
1231 1275 1474 1327 comparabit
1504 1275 1600 1315 sibi²
1642 1273 1649 1329 Ι
1688 1275 1796 1316 hunc
1826 1275 2043 1317 bascelium

332 1353 370 1386 et.
397 1342 403 1399 Ι
430 1345 611 1385 Aureliae
641 1344 836 1385 Victoriae
862 1343 868 1400 Ι
895 1345 1057 1398 coniugi
1086 1357 1180 1385 suae
1207 1342 1213 1397 Ι
1240 1343 1539 1396 incomparabil‚
1567 1341 1574 1397 Ι
1599 1343 1782 1384 fecerunt
1806 1345 1815 1395 Ι
1839 1343 1929 1385 sibi.

445 1411 578 1446 Romae
602 1410 671 1455 (VJ
683 1412 796 1447 45308
812 1412 923 1446 deser.
939 1422 1030 1446 saec.
1044 1411 1131 1446 XVI
1148 1411 1241 1445 Lud.
1254 1411 1420 1444 Budaeus
1436 1412 1564 1443 auctor
1579 1413 1800 1453 accuratus).
1817 1428 1862 1435 —
1887 1410 1920 1453 1)
1945 1409 2013 1445 sibi
2031 1413 2047 1445 t

333 1469 503 1503 traditur.

444 1560 561 1607 8112
627 1563 664 1602 d.
695 1574 748 1602 m.
789 1559 796 1614 Ι
835 1560 966 1601 Flavio
999 1561 1144 1601 Severo
1187 1557 1195 1614 Ι
1234 1560 1315 1600 filio
1345 1560 1570 1609 karissimo,
1614 1559 1621 1615 Ι
1668 1560 1736 1612 qui
1766 1559 1841 1600 vix.
1870 1572 1966 1601 ann.
1995 1559 2047 1600 VI

333 1645 385 1671 m.
402 1631 445 1686 V,
472 1628 478 1685 Ι
504 1630 563 1671 Fl.
577 1630 713 1671 Vitalis
734 1629 842 1673 evok.
863 1636 903 1670 et
921 1627 926 1684 Ι
949 1628 1112 1681 Glycera
1132 1635 1318 1682 parentes
1335 1626 1341 1684 Ι
1362 1628 1542 1669 infelicis.
1564 1628 1676 1669 mas.¹
1700 1634 1916 1669 exstrucse.
1929 1631 2013 1678 (εἰσ)
2034 1630 2044 1679 Ι

333 1700 428 1740 item
447 1699 634 1739 Africano
665 1698 733 1739 lib.
755 1697 859 1738 bene
886 1696 892 1751 Ι
918 1705 1101 1746 merent„
1130 1698 1206 1738 vix.
1229 1710 1293 1738 an.
1315 1696 1449 1737 XVIII.
1477 1695 1483 1751 Ι
1522 1696 1595 1736 Hic
1626 1696 1796 1737 decessit
1824 1694 1911 1736 lib?
1938 1694 2043 1737 XVII

332 1768 371 1808 k.
393 1768 517 1820 Sept„
549 1766 669 1807 habet
698 1766 809 1806 mas.¹
838 1766 894 1818 p.³
924 1765 1016 1814 XII,
1044 1763 1050 1820 Ι
1078 1765 1182 1806 filius
1211 1765 1440 1806 karissimus
1470 1764 1637 1805 decessit
1665 1763 1790 1804 XVIII
1819 1763 1895 1804 kal.
1927 1761 2042 1820 Οο.,Ι

332 1835 535 1889 depositus
564 1835 621 1888 p.⁴
640 1834 712 1874 XII
742 1835 783 1874 in
804 1833 972 1874 vascello
1003 1839 1043 1874 et
1067 1831 1075 1883 Ι
1101 1845 1226 1874 massa
1255 1833 1307 1872 a.⁵
1337 1832 1497 1873 fundus.
1557 1831 1695 1872 Postea
1722 1828 1884 1888 placulit
1912 1831 2043 1885 lapide

333 1902 505 1943 Tiburt.⁶
534 1902 670 1943 ambos
701 1902 742 1942 in
773 1902 836 1942 se⁷
867 1899 1031 1957 circulm
1061 1901 1155 1942 dare
1185 1907 1225 1941 et
1245 1900 1402 1941 titulum
1423 1898 1656 1940 inscribere.
1701 1900 1747 1940 D.
1768 1899 1820 1941 c.⁸
1846 1896 1853 1955 Ι
1879 1899 2045 1942 Messala

334 1978 373 2012 et
403 1971 552 2012 Sabino
583 1971 681 2011 cos.⁹

447 2037 580 2072 Romae
613 2036 688 2082 (Vl
707 2039 799 2072 5428
835 2037 1026 2080 aliquoties
1050 2037 1228 2079 descripta
1258 2045 1353 2070 saec.
1375 2033 1472 2070 XVI.
1493 2033 1625 2078 XVII).
1664 2053 1709 2059 —
1751 2036 1785 2076 1)
1809 2034 1975 2070 umam.
1999 2054 2046 2061 —-

334 2096 369 2136 2)
394 2095 570 2129 Libertus.
586 2114 632 2119 -
655 2095 690 2136 3)
717 2094 859 2128 Pedum.
875 2111 922 2119 —
943 2095 979 2135 4)
995 2093 1156 2127 Pedibus.
1174 2111 1219 2117 -—
1243 2093 1277 2135 5)
1297 2092 1375 2125 Aut
1391 2091 1596 2135 (intellegn
1619 2093 1658 2124 in
1673 2101 1802 2134 massa,
1816 2093 1892 2126 eive
1905 2091 2045 2133 fundus

334 2155 394 2187 est.
422 2152 612 2193 Momm-⁹).
631 2169 671 2176 ——
699 2151 734 2189 6)
764 2150 817 2188 Cf.
842 2149 887 2185 Ν.
910 2151 997 2185 7990
1020 2154 1085 2184 cet.
1109 2168 1155 2175 —
1185 2151 1218 2189 7)
1245 2148 1332 2185 Una.
1358 2167 1404 2173 —
1428 2149 1462 2187 8)
1487 2148 1638 2182 Dicalm
1649 2147 1704 2189 (Ῥ).
1727 2166 1774 2172 --
1796 2150 1830 2190 9)
1853 2148 1898 2182 A.
1912 2149 1990 2183 zu.

446 2232 562 2279 8118
620 2234 665 2274 Τ.
695 2234 838 2274 Varen.
869 2233 915 2273 T.
944 2234 973 2275 f.
1003 2234 1097 2286 Pap.
1129 2232 1345 2273 Sabiniano
1382 2244 1445 2284 eq.
1476 2231 1543 2280 R..
1582 2229 1589 2285 Ι
1629 2232 1731 2271 flam.
1762 2231 2044 2281 Laurentino¹‚

335 2303 427 2343 item
457 2302 560 2342 flam.
601 2303 609 2352 Ι
650 2301 724 2341 col.
756 2301 939 2349 Sarmiz„
984 2301 1070 2342 dec.
1103 2300 1177 2341 col.
1209 2300 1313 2341 Sar.¹
1351 2306 1392 2340 et
1429 2299 1556 2353 Apul..
1598 2298 1605 2352 Ι
1650 2311 1685 2339 e.
1716 2310 1769 2339 m.
1798 2311 1849 2347 v.‚
1894 2299 2044 2340 omnib.

335 2369 549 2423 equestrib.
581 2368 692 2408 milit.
726 2369 918 2421 persuum,
946 2366 951 2422 Ι
991 2368 1148 2409 Coi-nel.
1181 2368 1329 2409 Lucilla
1360 2367 1519 2408 coniux.
1577 2367 1660 2408 Pila
1690 2363 1881 2420 extruclta
1910 2378 2044 2407 sareo-

334 2439 482 2490 fagum‚
512 2437 552 2477 in
585 2449 665 2488 quo
694 2436 859 2476 Varenia
885 2435 891 2490 Ι
921 2436 1093 2476 Probina
1123 2436 1177 2490 q.⁸
1207 2436 1408 2476 Sabiniani
1439 2447 1556 2476 soror
1584 2434 1741 2475 condita
1768 2431 1776 2489 Ι
1800 2439 1896 2484 erat,
1926 2434 2045 2475 etiam

335 2507 420 2547 eius
450 2517 620 2558 corpore
650 2500 873 2559 conlocalto
903 2504 1170 2557 superposuit.

449 2572 564 2615 Prope
579 2571 737 2615 Apulum
750 2570 886 2604 Daciae
908 2581 983 2615 rep.
1009 2571 1080 2612 (111
1094 2570 1180 2605 4498
1204 2569 1395 2614 aliquoties
1412 2569 1591 2614 ἀπονέμω
1607 2578 1698 2603 saec.
1711 2567 1842 2614 XVII).
1855 2586 1900 2594 —
1925 2569 1959 2613 1)
1984 2566 2042 2610 Gl'.

334 2628 380 2663 Ν.
396 2630 494 2663 6004.
518 2646 566 2653 -—
588 2629 622 2671 2)
645 2628 844 2662 Dacus-zoni
866 2627 1027 2662 coloniae
1051 2627 1424 2669 Sarmizegetuseneie.
1442 2645 1489 2652 —
1511 2628 1545 2669 3)
1571 2626 1768 2669 Quondam.

450 2683 625 2719 Sti-netum
651 2694 728 2719 cum
752 2684 920 2718 munitm-a
946 2684 1141 2727 sartophagi
1161 2683 1245 2727 (sic)
1270 2693 1382 2725 cupra
1407 2681 1454 2717 Ν.
1471 2683 1564 2716 4667.
1599 2679 1602 2683 ’

449 2764 564 2812 8114
622 2768 659 2807 d.
689 2780 742 2807 m.
775 2765 781 2822 Ι
818 2768 859 2807 l'.
892 2766 1060 2807 Baebius
1089 2765 1134 2806 P.
1163 2766 1191 2805 s.
1223 2765 1303 2805 I’al.
1335 2764 1544 2819 Myrtilus}
1582 2771 1621 2805 et
1651 2764 1895 2818 Pomponiae
1925 2762 2042 2817 Spica

337 2842 375 2875 et
400 2833 409 2890 Ι
444 2835 669 2876 Fortunalis
699 2836 739 2876 in
771 2848 819 2876 eo
850 2830 1092 2892 sepullchro‚
1132 2833 1237 2887 quod
1274 2833 1331 2874 eis
1360 2832 1550 2873 donatum
1591 2831 1598 2889 Ι
1639 2840 1741 2874 esset
1770 2831 1819 2873 ab
1849 2829 2042 2872 Eumenia

336 2900 567 2956 Durlmcina
596 2903 849 2943 maceriatum
885 2900 1162 2957 conitexerunt
1195 2907 1235 2941 et
1263 2898 1515 2955 sarcophalga
1547 2901 1747 2949 fecerunt,
1785 2910 1833 2939 ex
1862 2897 2007 2951 quibus
2034 2893 2042 2952 Ι

337 2970 374 3010 1¹
407 2970 648 3011 Durracinae
679 2977 982 3020 concesserunt,
1009 2968 1016 3025 Ι
1042 2969 1110 3011 lib.
1131 2968 1198 3010 lib.
1231 2981 1269 3021 q.
1300 2968 1382 3009 suis
1412 2975 1502 3021 post
1531 2981 1684 3010 eorum.
1729 2966 1778 3008 Η.
1798 2977 1850 3006 m.
1871 2965 1910 3006 d.
1931 2976 1985 3005 m.
2005 2976 2041 3006 a.

450 3036 581 3071 Romae
605 3037 674 3081 (VI
696 3038 806 3072 45478
828 3037 920 3071 vidie
944 3035 1116 3080 Hannon).
1140 3054 1186 3060 —
1211 3037 1242 3077 1)
1269 3034 1395 3071 Unum.
1434 3033 1488 3076 Cf.
1514 3034 1558 3070 Ν.
1574 3036 1677 3069 8294.
