2196 3412
331 225 413 265 850
1052 229 1173 274 caput
1193 228 1310 264 xvn.

331 341 505 383 nationis
535 355 649 385 causa
681 344 881 397 mancipio
912 343 1066 395 accepit
1103 341 1111 396 Ι
1152 342 1205 384 Μ.
1233 342 1460 385 Herennius
1488 344 1669 396 Agricola
1709 345 1757 384 de
1786 343 1833 384 Τ.
1862 342 1993 383 Flavio
2028 338 2038 398 Ι

330 410 580 450 Artemidoro
611 412 679 455 fiS
702 425 741 452 n.
764 412 816 461 1²,
847 411 1072 463 libripende
1101 410 1153 452 M.
1180 409 1186 465 Ι
1214 410 1417 452 Herennio
1448 411 1570 461 Iusto,
1601 417 1817 453 antestatus
1846 416 1907 452 est
1934 409 1995 451 Ti.
2029 406 2039 465 Ι

331 477 475 518 Iulium
505 478 689 528 Erotem,
720 479 843 530 inque
873 490 1035 519 vacuam
1062 476 1068 533 Ι
1096 479 1390 531 possessionem
1422 492 1555 521 earum
1586 480 1750 520 ollarum
1778 477 1785 535 Ι
1819 485 1859 520 et
1887 477 2042 519 cinera-

330 546 482 586 riorum
514 547 558 586 T.
590 546 745 587 Flavius
775 544 1062 602 Artelmidorus
1093 546 1299 588 Herennio
1330 547 1512 600 Agricole
1529 552 1613 595 (eie)
1644 548 1702 588 ire
1741 546 1750 603 Ι
1789 553 1857 588 aut
1884 546 2043 587 mittere

331 626 500 666 ossaque
539 615 688 655 inferre
728 612 937 671 perlmisit,
970 627 1221 667 *sacrumque
1261 615 1447 668 quotiens
1485 613 1628 672 sacelre
1672 616 1778 656 vellit
1814 611 2044 655 Herennius

329 682 512 734 Agricola
548 681 555 737 Ι
587 683 801 724 heredesve
831 684 916 724 eius
946 684 1137 737 permisit,
1169 684 1333 724 clavisve
1352 683 1464 732 (αῖον
1494 682 1501 738 Ι
1534 684 1619 725 eius
1648 681 1900 724 monumenti
1929 686 2042 734 pote·

328 756 469 791 statem
500 749 710 807 factulrum
740 764 783 792 se
813 751 928 801 dixit,
964 751 1180 804 dolumque
1210 752 1356 792 malum
1396 750 1404 807 Ι
1442 747 1537 793 huic
1565 754 1622 792 rei
1652 751 1790 792 abesse
1818 751 2042 791 afuturum-

330 831 407 871 que
434 818 442 872 Ι
467 819 544 860 se‘.
587 819 694 860 Haec
715 825 823 860 recte
850 819 933 860 dari
955 821 1040 861 fieri
1062 818 1349 875 praestarilque
1379 820 1590 873 stipulatus
1618 827 1678 860 est
1707 819 1759 862 Μ.
1780 816 2006 859 Herennius
2032 812 2040 870 Ι

328 887 532 940 Agricola,
577 888 791 941 spepondit
820 888 865 928 Τ.
888 889 1042 929 Flavius
1069 885 1076 944 Ι
1101 888 1390 930 Artemidorus.
1430 888 1534 931 Act!⁵
1562 887 1683 928 XVIII
1715 887 1753 927 k.
1784 886 1939 926 Ianuar.
1963 883 1972 939 Ι
1998 883 2041 925 C.

329 955 546 1010 Calpurnio
577 956 718 997 Flacco
749 956 793 997 L.
816 956 960 997 Trebio
987 960 995 1011 Ι
1022 956 1218 997 Germano
1250 956 1345 998 cos.⁶

443 1021 576 1055 Romae
598 1034 672 1066 rep.
699 1026 805 1056 extra
826 1027 972 1066 portam
997 1024 1199 1067 Salariam,
1230 1027 1282 1057 est
1304 1023 1479 1058 Londinii
1502 1023 1572 1067 (Vl
1594 1023 1701 1058 4024ae
1729 1022 1821 1056 vidit
1843 1019 2042 1063 Eussner).

329 1097 375 1104 —-
403 1080 435 1121 1)
461 1078 516 1119 Cf.
534 1079 585 1113 VI
600 1080 728 1115 44949:
751 1080 1012 1125 chiro[g]rapho
1037 1081 1241 1116 continetur.
1257 1099 1306 1106 —
1328 1083 1362 1123 2)
1386 1081 1558 1115 Sestertio
1582 1090 1728 1114 nummo
1752 1090 1825 1112 uno
1850 1075 1916 1122 (ef.
1931 1086 2044 1120 supra

328 1134 376 1171 lv.
391 1134 511 1179 7545).
536 1154 582 1160 —-
614 1137 648 1179 3)
672 1137 750 1171 Ser.
775 1137 964 1182 clavisque.
989 1156 1035 1163 -—-
1066 1139 1102 1180 4)
1127 1137 1205 1172 Ser.
1230 1148 1318 1173 esse.
1341 1157 1386 1162 —
1412 1139 1446 1181 5)
1470 1138 1611 1171 Actum.
1636 1155 1682 1162 —
1706 1138 1741 1179 6)
1764 1136 1838 1170 Par·
1860 1133 2044 1169 combam
2116 1130 2120 1134 ’

324 1195 513 1235 praeterea
539 1195 704 1234 ignotum
727 1194 749 1236 (
751 1194 844 1227 alter
867 1195 1013 1228 videtur
1032 1196 1229 1228 memorari
1251 1195 1336 1237 mg.
1351 1195 1409 1235 29,
1423 1196 1458 1236 δ’,
1475 1195 1545 1236 u).

441 1272 554 1320 7913
613 1276 673 1315 dis
704 1275 886 1316 manibus
913 1273 919 1331 Ι
947 1276 1136 1316 Publiliae
1167 1277 1337 1317 Philetes
1368 1276 1409 1317 c.
1437 1275 1442 1330 Ι
1470 1255 1664 1316 Publius}
1695 1254 1871 1315 pflugius
1900 1252 2040 1327 ρὶζὲι

329 1342 461 1382 locum
491 1343 531 1383 in
565 1355 644 1395 quo
674 1344 802 1396 posita
834 1350 892 1384 est
922 1351 962 1384 et
999 1342 1005 1399 Ι
1046 1345 1287 1384 columbaria
1316 1344 1408 1393 ΧΠ,
1449 1345 1490 1384 in
1523 1343 1667 1397 quibus
1702 1340 1709 1396 Ι
1744 1342 1844 1383 ollae
1872 1341 2046 1394 virgines

331 1423 372 1450 n.
393 1410 538 1451 XXIIII
568 1411 608 1450 in
636 1411 642 1466 Ι
671 1412 873 1453 manibus¹
905 1412 946 1452 in
968 1419 1231 1453 monumento
1251 1413 1391 1466 pariet.
1417 1411 1424 1467 Ι
1460 1411 1708 1460 sinisteriori,
1739 1411 1791 1450 ita
1822 1415 1866 1450 ut.
1893 1408 2045 1450 manci-

328 1478 437 1531 patio
463 1477 471 1532 Ι
498 1480 691 1528 continet,
726 1487 765 1520 et
795 1480 869 1521 sibi
902 1486 941 1520 et
970 1481 1053 1521 suis
1083 1481 1293 1534 posterisq.
1321 1478 1328 1536 Ι
1355 1493 1507 1521 eorum.

442 1544 575 1579 Romae
605 1545 678 1590 (VI
697 1547 811 1581 25192
844 1546 1000 1587 fortasse
1031 1547 1139 1580 semel
1163 1551 1302 1581 tantum
1327 1548 1507 1591 descripta
1537 1558 1629 1582 saec.
1654 1546 1787 1590 XVII).
1823 1564 1869 1570 —
1906 1546 1939 1586 1)
1962 1543 2045 1578 Non

329 1602 566 1644 intellegitur.

442 1670 557 1717 ’7914
616 1673 657 1713 C.
680 1673 782 1713 Tull.
813 1673 947 1715 Erotis
973 1673 979 1729 Ι
1006 1676 1110 1715 circa
1142 1673 1357 1715 aediculam
1385 1673 1392 1723 Ι
1419 1674 1518 1714 ollae
1548 1685 1716 1714 numero
1748 1672 1884 1722 XXIII,
1911 1671 1918 1727 Ι
1944 1674 2045 1725 quae

329 1746 423 1780 sunt
453 1741 653 1792 operculis
688 1739 696 1796 Ι
736 1748 776 1782 et
805 1742 929 1784 titulis
960 1744 1206 1792 marmoreis,
1239 1742 1246 1798 Ι
1287 1743 1380 1783 item
1411 1743 1488 1782 hoc
1517 1741 1667 1794 pariete
1698 1741 1797 1781 ollae
1830 1739 1837 1795 Ι
1875 1752 2044 1781 numero

329 1808 457 1858 Xllll,
490 1822 589 1862 quae
615 1808 623 1863 Ι
657 1815 752 1850 sunt
782 1811 982 1863 operculis
1012 1817 1051 1852 et
1077 1810 1083 1867 Ι
1109 1811 1235 1852 titulls
1264 1810 1495 1850 marmoreis
1522 1807 1528 1862 Ι
1555 1839 1566 1849 .
1584 1838 1595 1849 .
1613 1839 1623 1849 .
1640 1840 1649 1849 .
1668 1822 1741 1862 pro
1774 1814 1886 1862 parte
1916 1807 2011 1848 11111
2035 1805 2042 1862 Ι

334 1873 451 1932 [fiunt
482 1877 580 1918 ollae
608 1874 790 1933 numer]o
820 1878 1008 1918 XXXVII.

442 1941 575 1976 Romae
598 1946 640 1976 ut
663 1944 805 1977 videtur
829 1955 915 1987 rep„
939 1947 992 1977 est
1007 1945 1163 1987 Aquilae
1189 1944 1380 1985 (V127731
1408 1944 1500 1978 vidit
1522 1944 1693 1988 Drossel).
1717 1962 1763 1968 —-
1790 1945 1823 1986 1)
1848 1942 1999 1986 Quarta.

442 2021 555 2068 ’7915
615 2024 650 2067 d.
685 2037 736 2064 m.
778 2023 784 2081 Ι
825 2026 981 2067 Blastus
1011 2028 1111 2079 Aug.
1142 2026 1210 2066 lib.
1241 2024 1471 2081 tabullarius
1501 2025 1594 2066 fecit
1622 2025 1791 2065 aediclas
1826 2021 1833 2079 Ι
1872 2030 1953 2066 tres
1981 2025 2045 2065 in-

328 2091 528 2133 trantibus
557 2090 792 2148 dextleriore
823 2101 937 2147 parte
968 2107 988 2134 a
1020 2091 1187 2150 parielte
1213 2095 1367 2135 iunctas
1397 2094 1495 2134 duas
1514 2100 1553 2133 et
1573 2090 1714 2149 tertila,
1746 2092 1786 2134 in
1808 2105 1886 2147 qua
1907 2093 2046 2135 titulus

330 2161 430 2201 fixus
460 2167 519 2201 est
548 2157 665 2216 s[2]bi
695 2168 734 2202 et
759 2161 766 2215 Ι
794 2163 877 2203 suis
907 2163 933 2203 l.
965 2162 1224 2215 libertabusq.
1255 2162 1463 2216 posterisq.
1491 2160 1499 2216 Ι
1525 2174 1676 2202 eorum.

443 2238 558 2284 7916
617 2241 669 2283 Μ.
698 2242 888 2283 Aemilius
917 2241 1081 2283 Flaccus
1124 2240 1129 2297 Ι
1176 2242 1352 2282 vendidit
1382 2242 1427 2282 L.
1459 2243 1625 2282 Aurario
1672 2239 1678 2296 Ι
1725 2241 1910 2293 Philagro
1950 2240 2046 2282 ollas

329 2308 429 2349 duas
455 2308 461 2360 Ι
488 2309 612 2361 gradu
644 2310 761 2350 tertio
792 2311 840 2350 ab
871 2310 965 2350 imo.

446 2386 591 2432 '7917ss
637 2389 840 2430 Sotericus
859 2402 938 2430 arc.
966 2387 973 2444 Ι
1001 2392 1098 2441 Aug.
1121 2389 1229 2430 Caes.
1250 2389 1408 2429 Lucer.¹
1436 2386 1442 2444 Ι
1469 2395 1590 2441 empt.
1621 2390 1669 2429 de
1700 2387 1859 2428 Pinario
1878 2387 2010 2429 Ruso’
2034 2385 2044 2445 Ι

331 2456 383 2496 ol.
415 2468 516 2508 quae
546 2457 621 2497 suit
650 2457 766 2498 Porci
793 2456 799 2512 Ι
826 2458 1057 2511 Philargyri.

445 2533 590 2580 7917b
639 2536 685 2583 Q.
709 2537 857 2577 Dellius
879 2538 925 2584 Q.
948 2538 974 2579 1.
998 2535 1005 2592 Ι
1032 2538 1147 2577 Rufio
1169 2559 1225 2565 -
1246 2539 1353 2573 nenia
1375 2538 1381 2583 ι
1405 2538 1527 2573 Nebris
1553 2549 1583 2574 v.
1601 2548 1631 2571 a.
1648 2537 1764 2572 xux³
1780 2532 1860 2590 -Ι
1882 2534 1978 2576 emit
1996 2535 2045 2576 de

332 2603 375 2643 L.
390 2604 550 2644 Pinario
577 2602 583 2659 Ι
610 2604 737 2644 Rufo'
767 2605 872 2657 quod
905 2605 979 2645 ruit
1008 2605 1104 2645 iuris
1133 2604 1177 2645 L.
1202 2604 1338 2644 Viriasi
1366 2601 1372 2657 Ι
1398 2602 1495 2644 Lali.

445 2682 586 2728 79170
638 2684 681 2724 L.
701 2683 834 2724 Veturi
855 2683 1036 2737 Zophrus
1053 2685 1172 2729 (sicr.
1202 2681 1207 2738 Ι
1236 2684 1278 2723 L.
1301 2682 1485 2723 Pinarius
1507 2681 1632 2722 Rufus
1659 2680 1665 2734 Ι
1693 2682 1801 2722 dedit
1821 2681 1871 2723 ol.
1896 2681 1912 2723 l
1943 2694 2044 2735 quae

332 2751 406 2790 suit
431 2750 439 2803 Ι
465 2751 508 2791 L.
530 2751 668 2792 Viriasi
697 2751 793 2791 Lali.

445 2816 590 2863 7917<1
638 2822 684 2867 Q.
715 2819 954 2861 Mudasenus
983 2820 1032 2867 Q.
1063 2819 1088 2859 l.
1122 2819 1219 2860 Eros
1264 2817 1270 2873 Ι
1313 2819 1409 2858 emit
1438 2818 1486 2858 de
1512 2817 1557 2858 L.
1588 2818 1743 2858 Aufidio
1783 2817 1790 2873 Ι
1832 2818 2043 2872 Apollonio

332 2887 429 2927 iuris
456 2886 461 2940 Ι
491 2889 752 2927 monumenti.

445 2952 586 2999 '7917’
635 2955 678 2997 L.
700 2955 910 2996 Cornelius
939 2956 983 2996 L.
1014 2956 1040 2996 l.
1072 2955 1250 3008 Regillus
1276 2952 1283 3010 Ι
1318 2955 1433 2994 ollam
1465 2954 1639 3010 legavit!
1675 2954 1726 2994 M.
1753 2954 1905 2995 Valerio
1935 2953 1986 2994 M.
2018 2953 2043 2994 l.

334 3022 543 3066 Frontoni.

446 3089 577 3124 Romae
609 3091 647 3123 in
679 3094 905 3124 monumento
936 3091 1237 3125 columbariorum
1269 3090 1403 3124 detecto
1434 3092 1473 3123 in
1498 3092 1602 3124 vinea
1629 3090 1759 3125 codini
1782 3100 1816 3124 a.
1832 3089 1928 3131 13⁴0,
1958 3093 2043 3123 nolo

332 3147 398 3181 sub
415 3148 558 3181 nomine
574 3146 788 3180 columbarii
804 3149 883 3180 viae
901 3147 1072 3182 Codc'ne'ae
1085 3148 1199 3192 primi
1215 3146 1279 3192 (cf.
1298 3147 1346 3181 ad
1361 3146 1405 3181 Ν.
1422 3148 1668 3190 7879-7881),
1693 3147 1736 3181 do
1751 3157 1821 3191 quo
1842 3146 1890 3187 cf.
1911 3144 1947 3180 C.
1960 3146 1989 3181 1.
2000 3144 2043 3182 L.
