2196 3412
307 194 388 231 740
1049 189 1168 234 Caput
1190 189 1269 226 XV.

307 307 488 348 veniant⁸
518 314 556 347 et
577 306 690 347 liberi
711 306 957 356 adlegantur,
989 305 1048 344 vel
1078 306 1110 344 si
1131 305 1220 356 quis
1250 305 1380 344 locum
1411 317 1526 345 suum
1558 306 1689 358 legare
1717 306 1822 346 volet
1842 305 1923 345 filio
1952 304 2013 345 vel

307 377 418 416 fratri
456 376 515 415 vel
555 376 696 415 liberto
733 374 951 420 dumtaxat,
989 378 1032 412 ut
1071 372 1215 412 inserat
1251 372 1367 412 arkae
1398 373 1454 413 n.⁷
1494 380 1645 426 partem
1687 372 1693 429 Ι
1734 377 1783 425 (7)
1814 372 2014 413 dimidiam

308 443 544 491 funeratici;
577 451 616 482 et
647 455 698 483 ne
728 454 813 481 eam
835 441 1043 493 pecuniam
1074 454 1104 481 s.
1125 440 1173 480 s.⁸
1203 440 1324 480 velint
1353 440 1392 480 in
1418 441 1514 481 alios
1544 454 1639 482 usus
1668 451 1915 489 convertere,
1945 439 2014 481 sed

307 518 354 551 ut
373 524 420 551 ex
441 511 570 551 usuris
600 511 684 550 eius
705 521 880 550 summae
910 508 1048 548 diebus
1079 507 1179 548 infra
1210 508 1368 560 scriptis
1398 508 1528 549 locum
1559 504 2014 562 confrequentarent⁹31

311 580 362 631 (8)
383 592 429 618 ex
452 578 579 618 reditu
604 579 687 618 eius
708 589 882 617 summae
912 576 943 615 si
966 575 1071 628 quod
1102 576 1419 628 comparaverint
1446 577 1643 629 sportulas
1673 577 1864 618 hominib.
1887 590 1927 617 n.
1949 575 2018 617 Lx

310 661 357 688 ex
379 647 538 686 decreto
569 646 845 685 universorum
877 645 980 695 quod
1003 650 1157 696 gestum
1188 650 1247 683 est
1276 643 1315 682 in
1338 644 1485 695 templo
1515 645 1733 686 divorum⁹¹
1762 645 1804 686 in
1825 645 1920 685 aede
1940 644 2016 685 divi

310 715 388 755 Titi
428 712 597 769 οοιι-Ι(9)
611 719 731 753 ventu
771 713 903 765 pleno,
944 714 1010 764 qui
1050 712 1133 752 dies
1171 712 1244 751 suit
1269 701 1307 748 V
1337 712 1387 751 id.
1411 712 1522 752 Mart.
1554 713 1708 753 Bruttio
1739 713 1950 754 Praesente
1979 719 2019 753 et

312 783 427 822 lunio
450 782 594 822 Rufino
626 782 752 830 cos.¹⁰,
784 782 839 821 uti
870 780 960 820 Xlll
982 781 1019 820 k.
1042 780 1130 820 Oct.
1162 779 1224 819 die
1244 772 1478 820 ‘felicissimo
1510 781 1580 820 n.¹¹
1612 782 1802 822 Antonini
1823 783 1922 835 Aug.
1948 780 2020 822 n.¹¹

313 851 372 891 Pii
404 863 442 903 p.
465 863 504 902 p.
536 849 770 903 sportulas¹⁸
801 849 1039 889 dividerent:
1072 848 1111 888 in
1139 847 1146 898 1
1174 849 1240 900 (10)
1262 848 1412 901 templo
1441 848 1618 889 divorum
1651 850 1690 889 in
1722 849 1817 890 aede
1845 849 1922 889 divi
1942 848 2020 889 Titi

315 917 356 959 C.
378 918 494 958 Ofilio
526 918 703 958 Hermeti
736 930 801 970 qq.
833 917 931 970 pp.¹⁴
961 917 1020 957 vel
1051 917 1118 968 qui
1151 924 1246 956 tunc
1276 916 1352 956 erit
1384 915 1460 956 35¹·
1490 916 1566 965 lll,
1597 917 1706 957 Aelio
1738 917 1888 958 Zenoni
1919 916 2020 970 patri

313 986 454 1038 collegi
484 984 520 1025 Χ
550 985 622 1035 lll,
654 986 802 1026 Salviae
834 985 1081 1026 Marcellinae
1111 985 1224 1024 matri
1256 984 1395 1036 collegi
1426 983 1462 1024 X
1491 984 1564 1030 Ill,
1594 985 1734 1025 imm.¹⁶
1760 983 1766 1039 Ι
1801 985 1868 1038 (11)
1889 983 2022 1037 sing.¹⁷

313 1052 347 1094 X
368 1054 423 1101 11,
463 1054 581 1094 cur.¹⁸
612 1055 713 1107 sing.
744 1053 778 1095 X
800 1053 855 1101 11,
893 1053 1043 1106 populo
1074 1052 1174 1105 sing.
1209 1052 1245 1093 Χ
1273 1053 1300 1092 l.
1362 1053 1457 1092 Item
1489 1053 1575 1105 p1.¹⁹
1605 1066 1662 1106 pr.
1699 1066 1794 1094 non.
1824 1053 1921 1094 Nov.
1952 1052 2023 1094 n.¹¹

315 1122 455 1173 collegi
487 1122 708 1163 dividerent
745 1135 792 1162 ex
822 1123 949 1162 reditu
982 1135 1012 1160 S.
1043 1120 1091 1160 s.⁴
1125 1122 1172 1160 ad
1202 1121 1337 1162 Martis
1371 1122 1410 1161 in
1442 1121 1615 1162 scholam
1649 1121 1720 1162 n.²⁰
1749 1121 2025 1174 praesentibus

316 1203 382 1243 qq.
412 1189 448 1230 X
468 1190 538 1239 Vl,
579 1191 680 1243 patri
712 1191 851 1242 colleg.
872 1189 992 1237 xvi,
1028 1187 1035 1242 Ι
1068 1189 1135 1240 (12)
1158 1190 1271 1229 matri
1303 1190 1442 1242 collegi
1472 1189 1509 1229 X-
1529 1189 1594 1237 Vl,
1628 1190 1734 1230 imm.
1755 1190 1858 1243 sing.
1882 1188 1919 1230 X
1939 1188 2025 1236 1111,

316 1271 402 1299 cur.
424 1260 526 1311 sing.
547 1257 583 1298 δὲ
599 1259 690 1308 llll,
722 1271 865 1311 panem
889 1254 986 1315 [a.²¹]
1011 1257 1083 1305 lll;
1117 1258 1250 1297 vinum
1271 1270 1476 1298 mensuras
1496 1270 1562 1310 qq.
1584 1257 1648 1298 s.²²
1668 1257 1786 1305 Vllll,
1817 1263 1917 1311 patr.
1935 1256 2026 1298 coll.

316 1341 348 1368 s.
379 1327 504 1376 Vllll,
550 1328 656 1367 imm.
687 1327 788 1379 sing.
820 1340 851 1367 s.
885 1326 954 1374 Vl,
999 1338 1084 1366 cur.
1115 1325 1216 1378 sing.
1247 1339 1278 1365 s.
1313 1325 1381 1373 Vl,
1427 1326 1576 1378 populo
1607 1326 1709 1379 sing.
1740 1339 1771 1366 s.
1802 1325 1870 1368 Ill.
1928 1325 2026 1366 ltem

317 1409 379 1448 pr.
414 1408 508 1435 non.
539 1395 621 1435 lan.
657 1393 664 1449 Ι
703 1395 768 1447 (13)
791 1401 973 1435 strenuas
999 1393 1124 1443 (sic)²⁸
1153 1393 1372 1433 dividerent
1401 1394 1502 1434 sicut
1531 1407 1561 1436 S.
1592 1394 1641 1433 s.⁸
1671 1400 1730 1434 est
1758 1393 1848 1434 Xlll
1878 1394 1917 1434 k.
1939 1393 2028 1434 Oct.

321 1464 416 1504 ltem
449 1463 533 1503 Vlll
565 1464 602 1503 k.
634 1463 748 1503 Mart.
780 1463 841 1502 die
873 1463 966 1502 kare
997 1461 1287 1514 cognationis'⁴
1329 1462 1375 1502 ad
1407 1462 1541 1502 Martis
1581 1461 1719 1501 eodem
1756 1462 1844 1502 loco
1881 1461 2028 1503 divide·

320 1539 412 1572 rent
442 1532 641 1584 sportulas
672 1543 776 1584 pane
807 1537 846 1570 et
874 1531 1008 1570 vinum
1040 1530 1142 1570 sicut
1171 1543 1201 1570 s.
1231 1543 1261 1569 s.
1293 1537 1352 1569 est
1383 1529 1390 1583 Ι
1425 1531 1492 1581 (14)
1517 1530 1613 1582 prid.
1648 1542 1744 1570 non.
1776 1530 1871 1570 Νον.
1931 1529 2028 1570 Item

319 1613 381 1653 pr.
404 1600 454 1639 id.
478 1601 590 1640 Mart.
622 1600 759 1640 eodem
790 1599 878 1639 loco
909 1610 1060 1646 cenam,
1093 1610 1211 1650 quam
1244 1597 1382 1638 Ofilius
1405 1598 1569 1638 Hermes
1599 1611 1666 1650 qq.
1698 1598 1884 1639 omnibus
1913 1598 2030 1639 annis

321 1669 487 1709 dandam
519 1667 795 1721 praesentibus
825 1667 1018 1719 promisit,
1049 1666 1110 1706 vel
1131 1667 1342 1718 sportulas,
1373 1667 1475 1707 sicut
1498 1667 1636 1706 solitus
1666 1673 1723 1706 est
1743 1665 1849 1707 dare.
1899 1663 2027 1722 Item}

323 1737 390 1788 (15)
413 1735 463 1775 Xl
498 1736 535 1776 k.
566 1738 660 1788 Apr.
692 1736 754 1776 die
785 1735 960 1775 violari²⁵
998 1735 1136 1774 eodem
1175 1734 1263 1773 loco
1303 1734 1579 1786 praesentibus
1614 1734 1883 1774 dividerentur
1918 1746 2030 1787 spor-

321 1805 426 1844 tulae
457 1804 549 1843 vinu
588 1816 690 1856 pane
731 1804 833 1843 sicut
863 1802 1000 1842 diebus
1030 1815 1061 1842 s.
1092 1801 1156 1841 s.²³
1214 1801 1308 1841 ltem
1341 1801 1371 1839 V
1401 1802 1452 1842 id.
1484 1803 1571 1842 Mai.
1603 1803 1664 1843 die
1704 1802 1853 1843 rosae²⁷
1891 1803 2028 1843 eodem

323 1873 412 1912 loco
455 1871 697 1924 praesentib.
745 1870 1014 1910 dividerentur
1057 1868 1384 1922 spor-l(16)tulae
1428 1871 1523 1910 vinu
1571 1877 1611 1910 et
1654 1884 1757 1924 pane
1801 1871 1903 1911 sicut
1946 1871 2030 1912 die-

324 1940 400 1980 bus
437 1954 468 1979 S.
499 1939 564 1983 s.²⁶
602 1951 647 1979 ea
678 1938 927 1986 condicione,
967 1949 1042 1989 qua
1078 1937 1118 1977 in
1155 1943 1352 1977 conventu
1391 1938 1538 1990 placuit
1573 1939 1778 1988 universis,
1818 1946 1863 1980 ut
1891 1939 2031 1980 diebus

325 1997 357 2048 s.
387 2022 417 2047 s.
450 2008 475 2047 ii
508 2007 575 2059 qui
607 2008 655 2047 ad
687 2006 927 2060 epulandum
959 2019 1039 2045 non
1073 2005 1368 2054 convenissent,
1399 2007 1600 2058 sportulae
1630 2014 1670 2047 et
1699 2020 1802 2061 pane
1832 2015 1872 2048 et
1900 2008 1994 2048 vinu
2022 2004 2029 2063 Ι

326 2075 398 2130 (17)
420 2088 557 2115 eorum
589 2076 771 2116 venirent
801 2082 841 2115 et
870 2073 1147 2127 praesentibus
1176 2074 1426 2127 divideretur,
1458 2083 1623 2128 excepto
1655 2089 1791 2116 eorum
1824 2076 1891 2128 qui
1921 2083 2032 2117 trans

327 2157 435 2184 mare
467 2151 586 2184 erunt
621 2144 681 2184 vel
718 2144 784 2196 qui
817 2149 1006 2196 perpetua
1045 2142 1267 2182 valetudine
1298 2143 1508 2185 detinetur.
1568 2144 1665 2184 ltem
1696 2145 1738 2184 P.
1770 2143 1903 2185 Aelius
1931 2146 2031 2198 Aug.

329 2213 395 2252 lib.
426 2212 561 2252 Zenon
589 2209 596 2267 Ι
630 2214 697 2262 (18)
720 2212 845 2251 eidem
876 2211 1042 2263 collegio
1074 2223 1104 2250 s.
1135 2210 1183 2254 ss
1212 2209 1264 2250 ob
1296 2211 1523 2251 memoriam
1555 2212 1604 2252 M.
1628 2211 1716 2266 Ulpi
1738 2213 1839 2265 Aug.
1869 2212 1937 2255 lib.
1960 2213 2031 2253 Ca-

330 2280 478 2334 pitonis
518 2280 648 2320 fratris
685 2279 746 2320 sui
785 2279 947 2331 piissimi
986 2278 1093 2318 dedit
1130 2278 1366 2329 donavitque
1391 2277 1469 2319 {is
1493 2279 1525 2318 X
1554 2292 1606 2319 m.
1640 2294 1699 2329 n.‚
1739 2281 1795 2320 uti
1826 2293 1874 2321 ex
1904 2281 2030 2321 reditu

331 2348 416 2388 eius
445 2360 619 2387 summae
651 2347 689 2387 in
723 2344 1139 2401 contri-1(19)butione
1169 2345 1435 2397 sportularum
1467 2346 1749 2388 dividerentur.
1854 2348 1970 2396 Quod
2000 2349 2031 2389 si

332 2425 375 2455 ea
408 2415 575 2467 pecunia
614 2415 742 2454 omnis
779 2427 878 2466 quae
916 2427 947 2454 s.
977 2414 1040 2455 s.²⁸
1071 2420 1148 2460 est,
1189 2425 1304 2465 quam
1337 2413 1443 2453 dedit
1480 2413 1638 2454 donavit
1675 2415 1843 2468 collegio
1880 2429 1912 2457 s.
1942 2418 1990 2458 s.⁴
2025 2414 2033 2473 Ι

333 2485 401 2535 (20)
423 2483 547 2522 Salvia
579 2482 619 2523 C.
644 2483 668 2523 f.
692 2481 917 2521 Marcellina
950 2488 988 2522 et
1018 2482 1062 2521 P.
1084 2481 1216 2521 Aelius
1238 2485 1335 2533 Aug.
1366 2480 1432 2521 lib.
1464 2481 1583 2530 Zeno,
1616 2483 1654 2523 in
1686 2483 1783 2524 alios
1812 2497 1906 2525 usus
1935 2497 2033 2524 con-

332 2558 486 2591 vertere
509 2550 716 2598 voluerint,
748 2562 863 2601 quam
895 2550 934 2589 in
971 2562 1039 2589 eos
1069 2561 1174 2595 usne,
1206 2548 1272 2600 qui
1303 2561 1334 2588 s.
1356 2549 1402 2588 s.¹
1434 2549 1509 2597 s.'·'⁹,
1541 2563 1641 2602 quos
1665 2551 1762 2591 ordo
1792 2551 1932 2604 collegi
1964 2551 2036 2593 n.¹¹

335 2619 507 2659 decrevit
536 2626 575 2658 et
605 2618 700 2658 uti⁸⁰
740 2615 745 2671 Ι
787 2618 853 2668 (21)
875 2617 972 2656 haec
1002 2617 1154 2664 omnia,
1190 2629 1228 2669 q.
1259 2631 1290 2657 s.
1322 2616 1384 2656 s.”
1414 2617 1477 2657 s.”
1506 2619 1588 2658 suis
1618 2618 1756 2659 diebus
1787 2625 1829 2659 ut
1860 2620 1909 2659 ita
1940 2620 2036 2660 fiant

336 2687 600 2738 dividantque,
631 2685 735 2738 quod
767 2685 798 2725 si
829 2685 1014 2725 adversus
1045 2697 1087 2724 ea
1119 2684 1212 2736 quid
1244 2685 1411 2724 fecerint
1440 2685 1518 2725 sive
1539 2686 1633 2738 quid
1666 2687 1715 2726 ita
1749 2700 1829 2727 non
1855 2687 2035 2735 fecerint,

337 2762 435 2794 tunc
465 2767 530 2806 qq.
564 2754 619 2794 vel
651 2750 897 2807 curato-lm)
909 2765 972 2793 res
1010 2752 1182 2792 eiusdem
1214 2752 1353 2804 collegi
1390 2753 1457 2804 qui
1488 2759 1584 2793 tunc
1613 2760 1751 2803 erunt,
1789 2755 1822 2794 si
1851 2755 2037 2795 adversus

339 2835 382 2862 ea
414 2822 504 2873 quid
539 2821 749 2870 seceriut'0,
781 2834 845 2873 qq.
867 2829 905 2861 et
925 2828 1130 2861 curatores
1159 2834 1189 2862 s.
1212 2821 1257 2861 s.¹
1289 2821 1345 2860 uti
1377 2833 1527 2872 poenae
1560 2822 1719 2861 nomine
1750 2822 1867 2863 arkae
1889 2822 1944 2863 n.''
1973 2821 2037 2862 in·

340 2891 468 2930 ferant
491 2888 566 2932 trs
586 2889 652 2928 XX
671 2902 721 2929 m.
739 2902 776 2931 n.
803 2887 809 2942 Ι
835 2890 901 2940 (23)
919 2889 1001 2929 Hoc
1022 2890 1223 2929 decretum
1246 2889 1374 2928 ordini
1398 2901 1436 2927 n.
1459 2889 1605 2940 placuit
1626 2890 1664 2928 in
1688 2896 1886 2929 conventu
1905 2888 2036 2942 pleno,

339 2958 444 3009 quod
476 2963 628 3007 gestum
660 2964 719 2996 est
749 2957 787 2996 in
812 2957 957 3009 templo
989 2957 1167 2996 divorum
1199 2956 1238 2996 in
1262 2955 1356 2996 aede
1378 2956 1452 2995 divi
1476 2956 1550 2996 'l‘iti
1576 2957 1603 2995 V
1625 2957 1674 2996 id.
1694 2956 1803 2997 Mart.
1823 2955 1870 2995 G.
1885 2955 2037 2996 Bruttio

340 3022 670 3079 Prae-l(2⁴)sente
701 3027 744 3064 A.
779 3025 891 3065 lunio
924 3024 1067 3064 nunno
1098 3023 1223 3072 cos.¹⁰,
1270 3036 1334 3076 qq.
1367 3023 1408 3064 C.
1441 3024 1556 3064 Ofilio
1590 3025 1786 3073 Hermete,
1825 3024 2037 3065 curatorib.

342 3093 385 3133 P.
407 3092 490 3132 Ael.
521 3093 620 3144 Aug.
653 3092 718 3132 lib.
749 3092 938 3133 Onesimo
969 3098 1008 3131 et
1038 3091 1078 3132 C.
1101 3091 1226 3132 Salvio
1257 3091 1439 3132 Seleuco.
