2190 3406
333 160 415 200 966
1056 161 1177 207 Caput
1198 159 1316 197 XVII.

334 285 444 330 longa
467 286 587 331 seapi)
611 277 669 317 Ti.
702 277 808 317 Clau.
841 276 924 317 Cas,
955 275 1027 316 1111
1062 273 1070 330 Ι
1106 275 1151 316 L.
1173 275 1286 317 Vitel-
1317 276 1414 317 cos-⁸
1445 285 1500 332 (in
1519 290 1628 331 parte
1651 285 1833 332 opposita)
1860 289 1903 332 p·
1931 277 2041 320 Affi-

333 344 487 386 culeia.⁴
511 344 517 400 1
545 345 654 386 iussu
684 345 796 385 aedil.

447 412 490 445 In
505 422 613 454 scapo
629 414 783 444 staterae
798 421 940 453 aeneae,
963 412 1128 454 repertae
1150 412 1192 443 ut
1206 409 1343 444 dicitur
1357 411 1397 443 in
1415 410 1610 455 Campania
1627 410 1831 457 (Froelcner
1847 411 2043 447 Gouoeuen

333 470 496 513 Augusto
511 469 654 509 Dutuit,
677 468 838 508 Bronzes
855 470 920 502 eet.
947 467 1024 503 Ser.
1041 467 1088 509 11,
1103 467 1187 502 4904
1202 477 1238 511 p.
1255 467 1323 501 426
1338 478 1374 501 n.
1391 467 1459 502 4⁶5
1481 469 1557 503 tab.
1573 467 1728 512 G'XLV).
1743 488 1791 494 —
1816 470 1849 511 1)
1873 468 2044 514 Intouq·

333 526 407 569 XV,
445 528 479 568 2)
504 525 598 559 XXV
621 528 687 560 eet.
711 544 758 550 —
781 526 816 568 3)
838 525 884 560 A.
905 535 940 568 p.
971 525 1052 560 G'ltr.
1074 525 1128 559 47.
1151 543 1199 550 -
1221 525 1257 567 4)
1281 524 1425 558 Pondus
1446 525 1739 560 Articuleianum
1763 524 1830 567 (ef.
1854 524 1902 561 Ν.
1916 525 2041 571 ms).

451 583 594 616 Similes
627 585 784 616 staterae
825 582 880 615 vel
915 585 1010 615 certe
1043 585 1264 623 stater-amm
1297 583 1399 624 scapi
1437 581 1561 615 multis
1596 582 1685 616 loeis
1717 583 1951 627 prodierunt,
1991 581 2041 623 el:

338 641 374 675 0.
398 640 472 675 Vll
498 640 598 676 4284.
624 640 726 674 4282.
773 639 825 674 XI
851 639 951 683 6727,
973 640 1008 674 2.
1032 640 1069 675 3.
1118 639 1210 682 Epn.
1233 638 1266 681 7,
1289 638 1399 672 4152:
1441 639 1548 672 huius
1582 640 1778 682 imag-inem
1810 641 1919 674 habes
1953 640 2044 674 sto—

335 698 501 740 ceedings
526 696 572 737 ol*
588 698 648 730 tlze
663 697 809 741 Society
834 696 1117 740 nfantiquaries
1142 695 1188 736 ol*
1197 695 1349 730 London
1365 695 1417 738 44,
1434 695 1520 730 4887
1531 706 1570 740 p.
1584 694 1653 730 317
1667 697 1742 731 tab.
1766 696 1860 740 Epn.
1871 698 1896 732 8
1907 707 1945 741 p.
1959 696 2043 732 ⁴82.

340 754 470 788 Westd.
488 753 710 788 Korn-Bleza
732 754 819 787 4889
839 764 876 797 p.
891 755 954 796 66,·
983 753 1182 796 complures
1206 754 1333 786 eoetant
1354 753 1394 785 in
1409 763 1530 786 museo
1546 752 1773 786 Berolinensi
1795 753 2046 794 (Fr-inaniens

334 811 475 844 Bet-lim
499 810 621 844 antike
644 810 848 844 Bildwerlce
871 810 910 844 11
927 821 965 854 p.
981 811 1049 844 200
1072 821 1106 844 n.
1122 809 1199 844 904.
1222 811 1302 843 902.
1324 811 1405 845 903.
1453 810 1601 843 Per-nice
1623 810 1747 844 Jahrb.
1772 809 1808 845 d.
1832 810 1930 844 arel».
1954 809 2044 844 Inst.

335 868 423 902 4898
435 878 472 910 p.
483 867 525 901 74
540 882 585 895 =
605 866 641 902 C.
657 867 707 901 XI
721 867 820 910 6727,
838 868 891 912 2).
938 867 1010 901 Sed
1032 869 1072 900 in
1083 867 1268 911 plerisque
1291 877 1338 900 ece
1353 868 1401 900 iis
1416 868 1558 901 numeri
1575 869 1714 900 tantum
1732 867 1915 910 leguntur,
1937 868 2044 900 notae

335 926 536 958 exactionis
559 926 794 968 reperiuntur·
816 927 958 958 tantum
980 926 1022 957 in
1045 925 1102 957 his
1126 922 1185 969 (Ν.
1200 924 1301 958 8629.
1323 923 1430 966 8654)
1456 927 1491 957 et
1515 923 1552 959 0.
1574 922 1610 957 Χ
1629 923 1726 966 8067,
1740 924 1778 959 2.

447 997 563 1074 8632
619 1029 661 1070 i.¹
696 1029 887 1082 Capitolio
919 1030 1147 1104 esaminata.
1167 1027 1181 1085 Ι
1208 1029 1404 1104 Ermetie
1417 1029 1508 1103 Mat
1539 1028 1661 1082 Aug-⁸
1694 1038 1756 1082 (ab
1781 1038 1898 1072 alter-a
1920 1037 2044 1083 parte)

336 1097 550 1137 Forentina
577 1098 584 1152 Ι
609 1098 826 1140 Paoniais⁸.

450 1165 493 1198 In
516 1169 651 1198 statera
676 1176 804 1208 aenea,
835 1164 993 1206 fortasse
1015 1167 1055 1198 in
1078 1165 1233 1199 Etruria
1263 1167 1427 1209 reperta,
1459 1167 1511 1198 est
1533 1163 1666 1198 Romae
1696 1164 1766 1208 (XI
1784 1163 1883 1206 6727,
1905 1163 1925 1197 4
1955 1162 2048 1197 vidie

338 1221 518 1266 Huelsen).
548 1241 594 1247 —
626 1223 658 1264 1)
683 1223 735 1256 In.
759 1242 804 1248 —
837 1223 872 1266 2)
898 1222 1073 1256 Matidiae
1096 1223 1296 1265 Augustae.
1321 1241 1367 1247 —
1397 1223 1430 1264 3)
1454 1221 1539 1256 Non
1561 1221 1731 1264 intellego
1757 1222 1928 1262 (alterum
1951 1222 2048 1254 eerte

337 1289 464 1311 nomen
489 1279 630 1312 videtur
653 1290 727 1312 esse
748 1279 921 1321 mulieris,
942 1290 991 1312 se.
1016 1279 1209 1321 dominae).

446 1370 564 1416 8633
622 1373 682 1413 Ti.
703 1372 838 1414 Claud.
870 1373 978 1414 Caes.
1000 1373 1049 1413 IV
1079 1373 1125 1414 L.
1148 1372 1299 1413 Vitellio
1331 1373 1383 1413 ΙΙΙ
1415 1373 1511 1413 cos.¹
1548 1386 1589 1426 p.
1621 1372 1700 1413 ex.²
1728 1372 1775 1412 ad
1806 1370 1944 1412 Artic.⁸
1972 1370 2048 1411 ius.

337 1440 422 1480 aed.
453 1451 509 1491 (in
532 1450 665 1495 medio)
697 1441 814 1482 XXX.

450 1507 493 1540 In
513 1508 672 1550 pondere
694 1520 741 1542 eae
759 1509 878 1553 lapide
899 1509 1101 1552 Tiburtino,
1124 1508 1257 1543 Romae
1280 1511 1320 1542 in
1341 1519 1462 1543 museo
1487 1508 1734 1551 Bit-cheriem,
1753 1518 1851 1553 gyro
1874 1508 2050 1551 seriptum

338 1565 456 1610 (Gatti
479 1577 564 1600 ann.
587 1569 670 1601 inst.
696 1567 795 1601 arch.
818 1566 903 1600 4884
926 1577 962 1609 p.
977 1567 1075 1609 5555,-
1100 1566 1192 1599 vidit
1219 1564 1385 1608 Dressel).
1409 1585 1455 1591 --
1481 1567 1513 1608 1)
1536 1566 1582 1601 A.
1603 1566 1655 1600 47.
1678 1584 1725 1591 -
1747 1566 1784 1607 2)
1807 1563 1971 1599 Pondere
1987 1574 2050 1598 οω-

341 1627 423 1657 acta
452 1623 606 1667 (pbnder.
631 1627 744 1658 exact.
767 1625 941 1667 scriptum
970 1625 1010 1656 in
1035 1623 1274 1666 eentupondio
1299 1623 1557 1657 Herculanensi
1585 1623 1621 1657 X
1639 1622 1737 1665 8067,
1758 1621 1807 1668 4).
1840 1639 1889 1649 -
1923 1621 1961 1663 3)
1991 1619 2051 1654 Aa

339 1680 627 1714 Articuleianum
658 1680 832 1724 (pondus,
863 1679 912 1720 es:
935 1679 981 1714 Ν.
1004 1681 1107 1715 8650.
1131 1681 1232 1715 8654.
1256 1681 1356 1715 8654.
1378 1681 1489 1723 8685,·
1528 1680 1624 1714 unde
1647 1681 1714 1714 Ιιοσ
1738 1678 1883 1724 pondus
1903 1676 2048 1722 publiea

338 1739 552 1770 auctoritate
575 1739 753 1771 munitum
776 1748 904 1771 nomen
929 1739 1105 1780 habuerit,
1129 1748 1203 1771 non
1227 1741 1445 1781 compertum
1453 1746 1468 1781 ‚·
1491 1748 1564 1771 non
1587 1740 1683 1770 reete
1703 1736 1900 1770 Articuleiz·
1920 1734 2051 1769 aedilis

338 1804 466 1827 namen
490 1796 531 1827 in
555 1795 794 1838 centupondio
820 1795 1080 1828 Herculanensi
1102 1794 1138 1828 X
1157 1794 1254 1836 8067,
1271 1794 1289 1827 4
1316 1795 1433 1837 legere
1455 1795 1526 1828 sibi
1553 1796 1650 1828 visus
1677 1796 1758 1827 erat
1779 1793 1823 1827 de
1837 1791 1942 1827 nossa·
1963 1800 2048 1824 ann.

338 1851 420 1884 inst.
445 1851 545 1884 arch.
568 1850 652 1884 4884
675 1862 711 1893 p.
726 1851 794 1884 200
819 1852 890 1885 tab.
906 1850 947 1884 N
966 1851 1029 1893 fig.
1045 1852 1080 1893 5,
1106 1849 1151 1890 cf.
1179 1850 1215 1886 C.
1238 1850 1274 1884 Χ
1289 1861 1327 1894 p.
1344 1851 1461 1890 4002).

452 1941 569 1989 8634
627 1945 686 1985 Ti.
718 1944 853 1985 Claud.
885 1946 993 1986 Caes.
1016 1945 1066 1984 lv
1096 1945 1140 1985 L.
1163 1945 1238 1985 Vit.
1269 1945 1344 1985 111¹
1372 1944 1377 1999 Ι
1405 1968 1462 1975 -
1491 1945 1523 1985 L
1553 1968 1610 1976 —
1633 1945 1640 2001 Ι
1667 1946 1776 1986 iussu
1808 1945 1893 1986 aed.
1924 1949 2050 1984 exact.

340 2014 387 2053 ad
418 2013 538 2053 Artic.
570 2013 598 2054 l.
631 2013 690 2054 C.²

452 2080 495 2113 In
516 2080 675 2123 pondere
706 2091 908 2115 marmoreo
932 2081 1122 2114 Praeneste
1151 2070 1300 2124 reperta
1325 2079 1431 2125 (XIV
1447 2080 1553 2124 4424,
1575 2081 1599 2115 2
1633 2080 1732 2115 Gaui
1754 2080 1840 2115 buli.
1863 2078 2051 2114 eon-mle

339 2137 424 2170 4884
446 2148 481 2180 p.
497 2138 540 2171 67
569 2137 661 2171 vidit
683 2140 879 2182 ectypum).
918 2157 964 2162 —
1006 2139 1038 2181 1)
1062 2138 1105 2172 A.
1128 2138 1180 2173 47.
1220 2157 1266 2162 -
1307 2139 1340 2180 2)
1365 2137 1408 2171 In
1433 2137 1635 2182 Capitolio?
1680 2138 1723 2172 In
1753 2134 1912 2182 ponam
1941 2145 2050 2170 aeneo

343 2205 457 2237 nuper
479 2195 674 2228 Falerione
703 2198 846 2239 reperto
876 2195 1006 2229 lectum
1037 2206 1110 2229 esse
1141 2195 1277 2228 dieitur
1306 2205 1360 2229 ex.
1384 2194 1488 2239 pond.
1512 2195 1547 2229 in
1572 2194 1743 2240 Capitolio
1767 2193 1929 2239 (Nausia
1952 2192 2053 2236 dagli

340 2253 440 2283 soavi
463 2252 550 2285 4905
571 2262 607 2294 p.
624 2251 718 2296 443),
741 2252 804 2285 sed
826 2252 931 2286 lectio
955 2263 1028 2286 nan
1052 2255 1104 2285 est
1126 2255 1236 2287 certa.

453 2354 568 2400 8635
628 2364 751 2396 exact.
778 2356 784 2407 Ι
811 2357 858 2397 ad
878 2380 936 2387 ——
957 2358 991 2398 X
1009 2380 1065 2387 ——
1085 2355 1351 2413 Arlticuleian.

457 2421 499 2454 In
522 2422 679 2465 pondere
701 2434 914 2464 marmoreo,
937 2423 1068 2458 Romae
1091 2428 1133 2458 ut
1156 2424 1299 2457 videtur
1321 2426 1476 2468 reperto,
1504 2423 1602 2467 quod
1614 2423 1745 2467 pendet
1761 2422 1930 2466 emim.
1943 2423 1980 2458 δ.
1987 2421 2052 2456 480

344 2478 463 2522 (Gaui
486 2490 572 2514 ann.
597 2480 680 2514 inst.
704 2481 803 2516 arch.
828 2480 913 2514 4884
935 2492 972 2524 p.
989 2482 1055 2516 495
1078 2492 1159 2515 cum
1182 2483 1341 2524 imagine
1364 2482 1436 2515 tab.
1451 2479 1489 2514 N
1509 2480 1574 2523 fig.
1590 2480 1631 2521 4,·
1655 2480 1745 2514 vidie
1768 2480 1939 2522 Dressel).

455 2582 570 2629 8636
623 2598 730 2626 exac.
751 2586 818 2626 ad¹
850 2585 884 2626 X
913 2585 1093 2634 Castore,
1129 2599 1213 2626 exe.
1234 2586 1282 2626 ad
1305 2586 1333 2624 V
1365 2586 1508 2635 Casto„
1539 2572 1627 2627 exa..
1654 2588 1701 2628 ad
1733 2587 1787 2628 ΙΙΙ
1816 2586 1959 2634 Casto..
1989 2597 2055 2627 ex.-

345 2653 392 2692 ad
424 2653 457 2692 ΙΙ
489 2653 605 2701 Cast„
636 2666 696 2694 ex.
725 2654 771 2694 ad
803 2653 819 2693 l
851 2653 968 2702 Cast„
999 2666 1059 2694 ex.
1091 2666 1123 2697 a,
1157 2654 1184 2694 S
1214 2653 1314 2703 Cas„
1344 2666 1405 2694 ex.
1435 2666 1470 2698 a.
1501 2652 1539 2695 1:
1572 2655 1672 2703 Cas„
1703 2656 1780 2697 ex.¹
1883 2653 1968 2696 Ca.n

457 2721 657 2762 Aquileiae,
680 2730 778 2754 nuno
794 2720 1000 2763 Mediolani,
1024 2722 1103 2754 octo
1124 2721 1286 2764 pondera
1309 2731 1418 2754 aenea
1443 2721 1671 2755 vasculorum
1694 2721 1851 2762 for-man
1871 2721 2051 2763 neonae,

345 2777 386 2807 ul
420 2777 539 2808 minus
573 2777 738 2820 quodque
771 2778 944 2812 eolloeari
976 2779 1138 2821 potuerit
1171 2779 1272 2811 intra
1306 2780 1424 2812 maim
1465 2774 1629 2823 (easelli
1657 2779 1846 2821 cimolos-i,
1879 2778 1960 2813 1⁸88
1991 2778 2051 2812 dei

347 2831 447 2874 quali
468 2836 524 2865 sta
549 2836 653 2867 entra
677 2828 845 2878 l’allro’),
877 2834 1007 2868 litteris
1030 2837 1211 2878 argenteis
1235 2834 1290 2880 (V
1305 2835 1404 2881 8449,
1418 2838 1440 2870 4
1463 2836 1556 2870 vidit
1579 2836 1802 2882 Mommsen).
1837 2854 1885 2862 —
1921 2837 1955 2879 1)
1976 2833 2054 2870 82»

346 2890 466 2921 aetum
483 2889 546 2932 ad,
583 2891 616 2931 2)
644 2891 813 2927 Castoris.
860 2891 1013 2926 Numeri
1027 2893 1233 2936 interpositi
1246 2893 1458 2935 significant
1474 2893 1603 2936 decem,
1628 2895 1786 2938 quinque
1808 2893 1921 2927 librae
1943 2895 1979 2926 et
1999 2894 2054 2926 sie

347 2945 511 2989 deinceps
534 2956 644 2989 usque
669 2948 717 2982 ad
739 2950 907 2982 trientem
930 2952 964 2983 et
988 2949 1222 2993 quadrantem
1247 2949 1373 2985 librae.
1421 2950 1564 2985 Similia
1583 2950 1748 2995 pondera
1772 2960 1884 2984 aenea
1904 2951 2054 2984 intereo

347 3003 473 3044 aptata
487 3002 704 3045 prodierunt
719 3008 757 3039 in
774 3004 929 3041 Mortua
945 3006 1052 3052 (XIII
1063 3007 1185 3050 moso,
1200 3007 1245 3042 ⁴5
1258 3024 1301 3037 ==
1318 3007 1412 3041 Bull.
1429 3008 1489 3042 deu
1505 3009 1732 3052 antiquato-es
1747 3006 1791 3042 aa
1805 3006 1952 3041 Frons·
1966 3006 2054 3042 4887

345 3071 380 3102 p.
397 3061 475 3101 270,
498 3059 750 3104 inscriptiones
772 3064 975 3107 procedunt
998 3063 1042 3097 ab
1067 3072 1120 3098 ex.
1146 3062 1199 3098 ed.
1225 3064 1236 3097 Ι
1263 3063 1379 3107 Cas[t.]
1404 3065 1453 3098 ad
1476 3075 1506 3100 e.
1530 3064 1690 3107 e.··Ga.),
1720 3062 1868 3108 singula
1887 3063 2053 3109 pondera
