2196 3412
603 213 718 251 Tituli
744 214 984 261 sepulcrales.
1008 235 1054 242 —
1079 214 1319 252 Columbaria.
1351 214 1463 252 onae.
1805 215 1886 255 853

296 326 413 375 7980
472 326 710 386 [A1sricanus
739 330 838 383 Aug.
878 342 997 371 verna
1031 328 1038 386 Ι
1074 327 1254 387 [idemP]¹
1295 330 1362 384 qui
1398 337 1438 371 et
1471 342 1590 384 supra
1626 330 1840 371 aediculam
1878 328 1887 387 Ι

182 392 303 455 [qum
335 397 522 439 cancellis
551 404 592 458 et
622 398 864 439 ornamentis
896 396 903 454 Ι
938 395 1095 455 [aeli-eis
1126 405 1165 439 et
1194 398 1371 452 hydriam
1404 399 1639 453 onychinum
1674 396 1681 454 Ι
1716 396 1821 455 [si]bi
1851 406 1891 440 et

179 466 264 507 suis
291 465 542 519 posterisque
573 478 711 506 eorum
739 464 745 519 Ι
771 466 819 507 de
849 478 923 507 suo
954 480 996 508 se
1028 468 1111 508 vivo
1143 468 1249 508 fecit.

300 531 433 566 Bonae
462 533 502 565 in
531 536 760 566 monumento
790 535 830 567 in
861 544 930 578 quo
962 532 1008 568 Ν.
1031 533 1151 569 7893·.
1183 533 1307 577 7893b,
1342 534 1405 568 eod
1436 535 1564 568 titulus
1593 537 1718 578 postea
1746 534 1892 569 addam

181 587 255 629 (Vl
266 588 358 624 630⁶
380 587 471 622 vidie
486 588 661 633 Hannon).
675 607 724 615 —-
751 591 782 632 1)
807 589 996 634 Supplevit
1018 589 1226 633 Mommsen,
1251 588 1412 631 referem
1436 591 1484 624 ad
1499 590 1718 631 Africanum
1732 591 1892 634 Augusta·

180 654 323 678 urm
345 645 410 687 qm·
431 648 652 679 memoratur
679 646 730 680 VI
749 648 852 681 5505.

292 734 404 782 ’1931
444 738 483 778 d.
504 750 556 779 m.
583 736 590 792 Ι
617 738 665 786 Q.
687 739 822 780 Caulio
844 738 971 792 Carpo
993 746 1033 780 et
1053 739 1209 780 Cauliae
1230 739 1445 792 Trophime
1472 738 1478 794 Ι
1505 747 1545 781 et
1566 737 1746 798 lib[e]rtis
1767 741 1887 781 liber-

176 803 332 858 tabusq.
361 806 571 859 posterisq.
603 819 754 847 eorum.
796 805 803 860 Ι
843 808 900 847 Ad
925 807 1028 848 hanc
1058 806 1275 848 aediculam
1305 807 1473 847 ollarum
1503 806 1543 848 ii.
1565 807 1634 857 v1,
1665 814 1705 849 et
1734 809 1889 849 colum-

176 871 261 914 har.
288 871 295 928 Ι
322 873 451 914 iuxcta
469 879 560 923 (sic)
590 875 753 916 aedicul.
786 870 826 915 ιῖ.
849 875 898 914 vl
928 875 1039 915 ollar.
1071 874 1111 916 ιῖ.
1131 874 1222 924 Xll,
1253 881 1294 915 et
1322 876 1457 927 angul.
1487 876 1648 928 parietis
1676 874 1683 931 Ι
1715 876 1887 917 columb.

175 941 219 983 fi.
246 940 300 982 ΙΙΙ
331 942 442 983 ollar.
475 943 517 983 ᾗ.
548 943 619 993 vl,
658 944 736 984 itus
765 944 894 984 aditus
923 943 1106 991 ambitus,
1145 943 1246 984 tricl.
1274 943 1280 998 Ι
1314 944 1471 985 culinae
1500 957 1595 985 usus
1636 956 1760 999 aquae
1790 944 1887 985 hau-

174 1008 304 1051 riend.
336 1021 551 1051 concessus
581 1009 659 1049 est¹
686 1006 693 1064 Ι
725 1011 775 1059 Q.
796 1011 930 1052 Caulio
962 1010 1089 1065 Carpo
1120 1010 1169 1052 ab
1200 1011 1291 1052 Sex.
1318 1011 1481 1052 Horatio
1513 1012 1774 1055 Diadumeno,

289 1075 420 1110 nomae
450 1075 527 1117 (Vl
545 1076 650 1110 14614
675 1078 766 1112 υίιιει
788 1079 832 1112 ae
847 1078 978 1122 nom).
1002 1098 1046 1104 -
1074 1081 1106 1122 1)
1134 1077 1190 1119 Cf.
1215 1078 1263 1113 Ν.
1278 1079 1521 1114 8356—8565.

286 1166 403 1215 ’7932
459 1169 497 1209 d.
529 1182 581 1209 m.
612 1183 643 1211 s.
681 1168 688 1225 Ι
727 1171 774 1213 Ν.
802 1171 947 1214 Fadius
977 1172 1145 1214 Hermes
1176 1179 1215 1214 et
1244 1173 1437 1213 Fervenia
1467 1172 1662 1213 Restituta
1691 1185 1783 1213 cum
1813 1172 1889 1213 Fa-

174 1237 235 1279 dis
271 1237 327 1278 fil.
366 1235 374 1292 Ι
414 1237 496 1279 suis
535 1237 683 1288 lambo,
728 1238 860 1290 Festo,
905 1240 1052 1281 Fructo
1091 1249 1131 1282 et
1167 1241 1372 1282 Conflonia
1402 1241 1618 1282 Fortunata
1660 1239 1667 1295 Ι
1706 1242 1889 1282 fecerunt

174 1305 250 1347 sibi
278 1310 320 1347 et
347 1306 429 1347 suis
458 1305 526 1346 lib.
556 1305 815 1360 libertabusq.
846 1309 1058 1362 posterisq.
1090 1321 1174 1350 eor.
1219 1308 1226 1364 Ι
1272 1309 1331 1349 Ad
1363 1310 1433 1350 has
1462 1309 1687 1350 haediculas
1723 1315 1762 1349 et
1792 1308 1888 1349 ollas

175 1373 275 1415 itum
305 1373 453 1414 aditum
483 1373 617 1414 ambit.
648 1379 686 1415 et
712 1373 719 1429 Ι
745 1375 927 1417 haustum
957 1378 1148 1430 praestari
1179 1376 1357 1426 debetur,
1389 1378 1430 1418 in
1460 1378 1594 1418 fronte
1623 1377 1888 1431 comprehen-

179 1442 234 1483 sis
268 1439 276 1496 Ι
309 1441 495 1482 aediculis
523 1441 650 1483 tribus
687 1442 777 1495 ped.
809 1450 912 1493 octo,
950 1445 1148 1486 introrsus
1177 1445 1268 1498 ped.
1299 1445 1392 1495 due,
1434 1444 1440 1501 Ι
1480 1446 1521 1486 in
1554 1445 1699 1498 quibus
1734 1445 1818 1486 aed.
1849 1451 1889 1485 et

178 1508 351 1551 columb.
380 1507 443 1564 <et
473 1508 705 1565 cinei-anisy
747 1511 823 1552 olla
862 1519 957 1553 sunt
986 1526 1027 1553 n.
1048 1512 1172 1554 xxm
1204 1521 1261 1568 (ln
1283 1526 1391 1566 parte
1415 1534 1539 1558 aversa
1569 1524 1663 1558 alius
1687 1523 1843 1569 titulus).

290 1574 422 1610 Romae
444 1576 493 1610 ad
516 1579 610 1609 viam
633 1577 790 1621 Appiam
812 1589 887 1622 rep.
911 1579 1106 1620 (V147655
1129 1579 1222 1613 vidit
1243 1580 1416 1624 Henzm).
1439 1599 1486 1606 —
1512 1582 1544 1623 1)
1568 1580 1663 1614 Haeo
1685 1583 1823 1624 scripta
1848 1582 1888 1614 in

176 1642 281 1665 versu
302 1635 476 1675 sequenti,
499 1643 522 1666 a
545 1635 722 1676 scriptore
744 1637 786 1667 ut
807 1635 952 1668 videtur
970 1637 1131 1678 primum
1154 1638 1296 1670 omina.

289 1722 403 1770 7933
461 1725 620 1767 Claudia
661 1727 837 1781 Prepusa
883 1730 977 1769 emit
1020 1730 1068 1770 de
1110 1729 1156 1770 L.
1188 1730 1374 1784 Calpurn.
1414 1729 1422 1787 Ι
1463 1732 1630 1785 Sperato
1676 1739 1715 1772 et
1757 1732 1887 1773 Nouia

174 1791 391 1833 Fortunata
416 1793 425 1848 Ι
450 1793 525 1836 sibi
556 1800 595 1835 et
621 1794 814 1838 Successo
844 1796 940 1850 imp.
961 1797 1188 1851 Vespasiani
1213 1799 1221 1850 Ι
1248 1798 1424 1840 Caesaris
1444 1811 1522 1840 ser.
1544 1799 1758 1841 Octaviano
1788 1813 1887 1855 con-

174 1860 257 1914 iugi
281 1860 290 1916 Ι
314 1874 387 1902 suo
415 1860 434 1903 l
447 1859 497 1904 Ι]
511 1861 529 1905 l
542 1860 561 1905 Ι
575 1861 593 1904 J
607 1861 625 1904 l
638 1861 657 1906 l
671 1862 690 1906 l
702 1862 743 1906 l¹
777 1862 783 1919 Ι
819 1865 904 1906 eius
933 1866 1184 1918 posterisque
1214 1867 1296 1908 suis
1324 1868 1514 1920 parietem
1544 1868 1664 1918 hunc,
1691 1865 1698 1922 Ι
1732 1868 1773 1908 in
1807 1880 1886 1920 quo

174 1934 269 1970 sunt
298 1928 363 1970 ou.
394 1929 506 1979 LXV,
546 1937 586 1972 et
614 1944 635 1971 a
665 1933 815 1986 pariete
841 1930 848 1989 Ι
874 1934 1144 1986 pavimentum
1173 1934 1240 1975 lat.
1269 1948 1310 1988 p.
1341 1934 1438 1984 13²,
1481 1936 1652 1977 cinerar.
1683 1942 1722 1977 et
1746 1934 1753 1990 Ι
1780 1936 1886 1976 aedi-

177 1996 255 2037 cul.
284 1996 351 2037 lat.
381 2009 422 2050 p.
450 1997 508 2039 Is.

289 2062 432 2105 Romae,
464 2075 561 2098 nunc
584 2066 750 2100 Potsdam
782 2067 852 2108 (VI
873 2067 981 2102 45551
1014 2069 1106 2102 vidie
1128 2069 1311 2114 Huelsen).
1345 2087 1392 2095 —-
1430 2071 1463 2112 1)
1488 2068 1675 2104 Nonnulla
1701 2082 1814 2106 erasa.
1841 2089 1888 2097 -

177 2120 214 2161 2)
237 2118 369 2153 Latum
387 2121 514 2163 pedem
539 2124 573 2154 el
595 2122 844 2164 quadrantem.

1817 2185 1887 2193 —.

288 2199 428 2246 7933·
467 2202 508 2242 in
546 2202 623 2243 hoc
662 2205 812 2257 pariete
850 2219 950 2259 quae
986 2214 1081 2248 sunt
1115 2206 1121 2261 Ι
1163 2207 1404 2249 columbaria
1440 2211 1561 2250 totius
1589 2207 1764 2264 parieltis
1803 2210 1884 2251 sive

174 2268 311 2327 ollaria
348 2282 475 2323 usque
511 2270 561 2311 ab
601 2268 609 2326 Ι
649 2277 754 2313 terra
785 2273 833 2313 ad
864 2285 1081 2325 camaram,
1120 2280 1161 2315 et
1189 2280 1282 2316 ante
1321 2275 1327 2330 Ι
1371 2277 1589 2318 aediculam
1620 2278 1840 2319 ossuarium
1871 2276 1881 2335 Ι

173 2335 326 2379 Ofilliae
355 2337 546 2392 Myrtidis,
586 2339 683 2381 iuris
707 2339 715 2395 Ι
743 2347 839 2381 sunt
866 2341 962 2383 mihi
993 2348 1033 2383 et
1060 2343 1160 2384 meis
1192 2340 1455 2399 postelrisque
1485 2358 1638 2397 eorum,
1675 2359 1844 2400 quorum
1869 2344 1881 2403 Ι

173 2404 339 2447 honoris
369 2417 487 2447 causa
518 2406 765 2462 compassravi.

283 2470 416 2507 Romae
444 2484 519 2517 rep.
545 2473 618 2514 (Vl
635 2475 749 2510 25400
774 2475 868 2509 vidit
891 2476 1063 2522 Henzen).

285 2550 432 2599 79331)
478 2555 523 2596 L.
544 2556 735 2598 Hostilius
764 2557 1007 2600 Fortunatus
1032 2558 1039 2613 Ι
1074 2560 1149 2601 sibi
1179 2567 1218 2601 et
1243 2560 1248 2616 Ι
1276 2561 1465 2602 Hostiliae
1496 2541 1702 2603 Ianuariae
1730 2564 1844 2611 filiae,
1873 2561 1881 2619 Ι

172 2621 267 2661 item
289 2620 439 2664 libertis
458 2622 753 2678 libertabusque
772 2626 854 2667 suis
881 2624 889 2681 Ι
913 2628 1163 2681 posterisque
1193 2641 1333 2669 eorum
1354 2630 1458 2672 fecit.
1485 2630 1492 2684 Ι
1518 2630 1684 2670 Exterae
1715 2631 1882 2671 familiae

173 2688 302 2730 aditus
331 2701 413 2730 non
443 2690 569 2740 datur,
597 2689 606 2747 Ι
630 2705 705 2734 nec
734 2693 822 2734 iure
853 2694 942 2747 quis
971 2694 1012 2736 in
1044 2696 1120 2737 hoc
1153 2703 1415 2738 monumento
1443 2695 1450 2750 Ι
1477 2697 1574 2738 ollas
1604 2704 1719 2739 emet.

285 2753 417 2788 Romae
440 2755 513 2801 (VI
531 2758 641 2794 1⁹⁶5:
666 2759 778 2795 decor.
800 2771 893 2797 saac.
915 2760 1020 2796 XVII
1043 2762 1282 2808 Fabatum).

285 2845 399 2893 ’7934
456 2848 569 2890 Gatta
597 2850 805 2894 Marcanus
836 2861 875 2895 et
903 2855 1031 2896 Arista
1057 2855 1064 2911 Ι
1091 2856 1293 2896 mamana¹
1329 2856 1532 2896 donarunt
1561 2853 1879 2910 monumenltum

171 2915 410 2957 lucandum²
446 2923 538 2971 post
566 2924 740 2961 nostram
771 2929 939 2963 mortem
966 2921 974 2978 Ι
1000 2924 1175 2977 exceptis
1210 2923 1297 2964 ollis
1327 2923 1492 2965 duabus.
1552 2924 1638 2965 noc
1667 2930 1712 2966 ut
1739 2922 1880 2982 fier[e]t

172 2979 453 3040 [diflligenter'
491 2991 531 3026 et
560 2986 703 3039 quibus
732 2989 828 3031 ollas
856 2990 997 3032 donavi
1023 2990 1031 3046 Ι
1063 2992 1293 3040 reddantur,
1332 2997 1373 3032 et
1401 2997 1446 3032 ut
1475 2997 1662 3033 tueantur
1689 2993 1744 3034 illi
1776 2990 1879 3048 quil-

172 3049 249 3093 bus
277 3052 374 3094 ollas
406 3053 568 3104 donavi,
599 3062 903 3098 monumentum
929 3056 936 3112 Ι
961 3071 1093 3100 meum
1115 3059 1159 3100 L.
1175 3058 1339 3100 Potillo⁴
1370 3059 1641 3114 Epaphrodito
1664 3067 1703 3101 et
1722 3060 1878 3100 PelIia‘.

171 3117 216 3159 L.
237 3118 263 3161 l.
286 3116 536 3177 [Pszcheniz
577 3135 658 3163 non
688 3123 844 3165 vendidi
870 3122 878 3179 Ι
903 3126 971 3167 sed
1000 3126 1161 3168 donavi:
1203 3127 1278 3168 hoc
1309 3128 1361 3168 ita
1391 3128 1577 3169 convenit
1607 3142 1638 3169 s.
1670 3128 1707 3167 d.
1738 3127 1808 3167 ω..
