2196 3412
327 185 411 226 886
804 190 807 194 '
1056 188 1176 234 Caput
1195 187 1314 224 xvn.

439 301 554 348 8186
611 302 671 343 dis
701 298 914 359 manibu[s]
951 302 958 358 Ι
989 303 1148 350 Felicis,
1179 315 1213 343 v,
1245 315 1294 346 m.
1330 303 1433 350 Vlll,
1467 306 1474 355 Ι
1517 302 1716 345 Volussiae
1747 304 1907 345 Cheone
1937 304 2034 346 Cor·

329 371 478 411 neliae¹
505 370 512 422 Ι
537 371 669 424 posuit
699 370 778 409 filio
809 382 880 410 suo
912 371 1126 412 carissimo.
1154 371 1161 423 Ι
1196 370 1237 411 Si
1268 371 1357 423 quis
1385 371 1505 412 hubic
1534 372 1780 420 ammuerit²‚
1819 371 2000 413 iendem⁸
2024 370 2033 428 Ι

328 438 504 479 dolorem
536 438 805 490 experiscatur
834 450 950 489 quem
984 451 1056 491 ego
1084 436 1090 492 Ι
1117 446 1279 491 experta
1308 451 1408 479 sum.

441 504 571 539 Romae
594 504 644 537 ad
666 506 761 536 viam
785 505 940 547 Appiam
964 515 1038 547 rep.
1062 505 1115 537 ibi
1137 506 1201 537 ubi
1224 504 1271 539 Ν.
1285 505 1371 539 7405
1381 516 1453 549 seq.
1477 505 1547 546 (VI
1567 507 1657 541 7508
1681 506 1772 540 vidie
1797 507 1965 550 Herum).
1991 525 2036 532 —-

331 561 362 603 1)
387 560 684 603 Intellegendum:
718 559 854 594 Chaone
880 561 1050 595 Volusius
1075 560 1271 607 Corneliae.
1318 561 1453 595 Eadem
1488 562 1634 596 Velunia
1667 563 1831 597 Cornelia
1864 563 1917 598 VI
1935 564 2035 600 729⁶.

326 617 438 660 Filia,
461 620 503 649 ut
527 617 681 657 videtur,
712 616 753 649 L.
773 617 913 651 Volusii
937 616 1130 651 Saturnini
1155 619 1312 651 consulis
1335 630 1369 652 α.
1391 629 1427 662 p.
1453 619 1534 655 Chr.
1549 621 1575 654 ὅ
1599 622 1633 653 el
1658 619 1842 654 Corneliae
1867 620 1975 661 (Ptin.
2001 621 2036 655 Ιι.

327 683 363 708 n.
390 673 421 714 7,
437 673 511 717 62).
536 692 580 698 —
606 675 640 715 2)
666 672 743 706 Ser.
769 673 858 707 hunc
883 674 1061 708 amoverit.
1084 693 1130 699 —
1153 676 1188 717 3)
1213 674 1385 707 Eundem.

439 774 554 821 8187
612 778 649 818 d.
681 790 732 817 m.
766 777 772 832 Ι
808 778 968 819 Fulvius
999 778 1222 831 Epagathus
1255 779 1262 834 Ι
1304 793 1446 820 annor.
1476 780 1592 828 XXV,
1631 780 1786 821 Claudia
1821 778 1829 837 Ι
1863 781 2036 823 Monimo

329 844 409 885 filio
431 845 607 897 piissimo
633 845 639 900 Ι
668 846 898 886 memoriam
930 847 1099 900 scripsit.
1126 845 1131 901 Ι
1160 847 1412 900 Quicumque
1443 861 1531 889 eum
1564 847 1733 903 titullum
1765 849 1878 890 vellet
1905 863 2036 891 remo-

327 925 430 959 vere,
459 911 465 966 Ι
491 925 579 952 eum
612 913 789 954 dolorem
820 914 998 955 haheat¹.

442 978 572 1012 Romae
603 979 673 1022 (Vl
693 980 781 1014 7556
814 980 904 1013 vidit
929 981 971 1014 de
986 980 1117 1020 Romi).
1151 1002 1197 1007 --
1237 982 1268 1024 1)
1293 982 1483 1024 Intellege:
1516 993 1618 1025 quem
1649 993 1714 1025 ego
1745 984 1867 1017 habui.
1918 982 2038 1018 Reno

331 1035 469 1069 Graeco
497 1036 536 1069 L.
552 1036 651 1069 Aelii
674 1036 831 1070 Melitini
854 1038 1094 1081 adscriptum:
1124 1035 1175 1085 μὴ
1199 1034 1406 1085 ἐνοχλήσης
1429 1039 1483 1086 τῷ
1506 1035 1627 1086 τάφῳ,
1651 1037 1701 1085 μὴ
1729 1041 1887 1077 τοιαῦτα
1910 1035 2040 1088 πάθης

328 1093 417 1138 περὶ
439 1091 584 1128 τέκνων
593 1104 606 1133 ,·
641 1103 684 1126 ne
709 1093 757 1126 sis
782 1093 958 1136 molestus,
983 1105 1025 1128 ne
1051 1095 1202 1139 patiarus
1227 1096 1304 1139 hoc,
1328 1098 1363 1129 et
1388 1096 1474 1130 ollas
1499 1096 1648 1130 inclusas
1673 1107 1757 1131 cave
1782 1096 1851 1142 (VI
1871 1097 2038 1132 cowe-

327 1148 438 1182 Jmcr.
467 1149 524 1182 Gr.
552 1149 651 1184 sicil.
675 1150 757 1184 Ital.
785 1151 904 1192 ¹557).

440 1239 579 1286 8187ει
622 1249 663 1282 tu
696 1256 747 1283 ne
778 1243 886 1283 vellis
900 1249 985 1289 (sic)
1016 1244 1142 1284 aliena
1174 1245 1348 1285 membra
1384 1243 1390 1299 Ι
1428 1245 1625 1296 inquitare
1644 1248 1728 1293 (sic)
1759 1245 1936 1294 iacentis,
1966 1245 2039 1286 do-

329 1310 399 1350 lies
417 1315 501 1358 (sic)
529 1309 536 1365 Ι
562 1311 796 1363 conparabit
825 1312 911 1352 sibi.
973 1313 1086 1359 Quod
1118 1313 1150 1354 si
1182 1311 1395 1366 nolcueris,
1428 1312 1637 1353 noceberis
1667 1313 1715 1352 ab
1746 1314 1834 1354 alio.

443 1377 574 1411 Romae
599 1378 671 1421 (Vl
691 1379 801 1412 29947
826 1379 918 1412 vidit
941 1379 1106 1420 Henzen;
1131 1378 1179 1418 cl'.
1205 1380 1369 1412 Huebner
1392 1391 1447 1413 ex.
1471 1382 1593 1422 script.
1617 1380 1714 1423 325).

441 1469 557 1516 8188
601 1473 846 1524 quiqumque
876 1473 969 1512 hinc
990 1472 1119 1513 clavos
1148 1472 1337 1513 exemerit
1354 1477 1453 1522 (sic),
1479 1471 1486 1526 Ι
1513 1472 1553 1512 iu
1586 1472 1723 1513 oculos
1752 1471 1826 1513 sibi
1857 1473 1962 1526 figat.

443 1537 575 1571 Romae
598 1541 638 1571 in
656 1541 761 1571 vinea
775 1540 1019 1582 Aquae-iorum
1044 1542 1150 1572 extera
1173 1543 1315 1583 portam
1334 1539 1513 1581 Latinam,
1530 1534 1679 1573 ‘tabella
1695 1541 1794 1583 picta
1810 1541 2040 1584 graphioqne

328 1590 479 1637 scripta’
507 1594 578 1638 (VI
598 1595 680 1629 7191
708 1594 801 1628 vidit
821 1595 991 1637 Dressel).

441 1684 555 1731 8189
607 1687 671 1727 hic
693 1688 847 1728 cineres
867 1696 962 1728 sunt
987 1687 992 1742 Ι
1022 1688 1062 1728 C.
1085 1687 1156 1728 luli
1178 1656 1444 1741 Hermaiscisl
1470 1656 1659 1740 Quisquis
1686 1688 1761 1728 hoc
1788 1657 2037 1742 [sustuleric

329 1754 445 1795 faciat
474 1755 580 1795 exitu
608 1753 613 1807 Ι
642 1756 800 1795 malum.

442 1912 558 1958 8190
615 1914 673 1954 dis
719 1913 900 1954 manibus
946 1914 1092 1954 Meviae
1136 1914 1290 1967 Sophes
1330 1912 1337 1967 Ι
1377 1913 1418 1954 C.
1451 1914 1628 1955 Maenius
1674 1915 1833 1956 Cimber
1877 1917 2038 1969 coniugi

330 1983 598 2023 sanctissimae
625 1980 632 2037 Ι
658 1988 698 2022 et
727 1983 1022 2029 conservatrici,
1052 1981 1246 2022 desiderio
1276 1982 1438 2034 spiritus
1468 1982 1566 2031 mei,
1594 1980 1600 2037 Ι
1627 1995 1728 2035 quae
1759 1984 1852 2024 vixit
1881 1996 2037 2025 mecum

330 2063 394 2091 an.
426 2050 531 2090 XllX
561 2062 718 2090 menses
749 2050 799 2090 lll
831 2051 914 2091 dies
943 2050 1055 2099 Xlll,
1081 2049 1087 2104 Ι
1123 2050 1229 2102 quod
1261 2050 1335 2090 vixi
1366 2063 1455 2090 cum
1486 2063 1530 2091 ea
1563 2051 1649 2091 sine
1680 2051 1876 2104 querella,
1902 2050 1909 2107 Ι
1947 2065 2038 2093 nam

330 2131 438 2159 nunc
469 2131 618 2171 queror
647 2125 742 2172 aput
773 2131 909 2159 manes
939 2118 1024 2158 eius
1055 2124 1094 2158 et
1123 2119 1254 2172 flagito
1280 2117 1288 2167 Ι
1324 2119 1463 2167 Ditem,
1494 2125 1562 2159 aut
1590 2125 1631 2159 et
1661 2132 1723 2160 me
1753 2121 1905 2161 reddite
1939 2133 2038 2161 con-

328 2186 409 2238 iugi
441 2199 562 2234 meae,
594 2199 694 2238 quae
728 2185 734 2241 Ι
771 2199 925 2227 mecum
959 2187 1052 2227 vixit
1081 2192 1146 2226 tan
1173 2191 1256 2232 (sic)
1289 2188 1488 2227 concorde
1507 2193 1591 2235 (sic)
1611 2188 1670 2228 ad
1701 2188 1854 2229 fatalem
1885 2189 1999 2229 diem.
2027 2185 2036 2244 Ι

329 2254 450 2294 Mevia
483 2255 626 2306 Sophe,
657 2255 836 2307 impetra,
867 2255 899 2294 si
931 2267 1031 2307 quae
1061 2261 1156 2295 sunt
1185 2255 1333 2304 Manes,
1373 2269 1421 2296 ne
1449 2256 1455 2309 Ι
1481 2262 1558 2295 tam
1591 2256 1800 2296 scelestum
1830 2255 2036 2296 discidium

330 2322 554 2374 experiscar
573 2322 730 2362 diutius.
758 2321 763 2376 Ι
793 2323 957 2374 Hospes,
990 2323 1040 2362 ita
1062 2328 1152 2375 post
1173 2323 1325 2364 obitum
1346 2325 1397 2365 sit
1419 2324 1498 2364 tibe
1513 2328 1597 2371 (sic)
1630 2331 1733 2364 terra
1755 2323 1862 2371 levis,
1893 2330 1937 2363 ut
1957 2328 1999 2364 tu
2026 2319 2035 2378 Ι

330 2388 394 2428 hic
416 2389 512 2428 nihil
534 2389 706 2436 laeseris,
737 2396 804 2428 aut
833 2390 955 2442 siquis
987 2390 1156 2439 laeserit,
1189 2404 1263 2432 nec
1293 2393 1450 2444 superis
1476 2391 1483 2446 Ι
1508 2391 1794 2444 comprobetur
1823 2403 1899 2431 nec
1920 2391 2036 2431 interi

329 2456 538 2508 recipiant,
569 2462 608 2495 et
637 2457 687 2496 sit
717 2457 752 2495 ei
783 2462 887 2496 terra
917 2458 1056 2508 gravis.

444 2521 576 2555 Romae
601 2522 671 2562 (VI
693 2523 779 2556 7579
802 2523 893 2556 vidie
919 2524 1088 2565 Henzen).

440 2612 551 2660 8191
603 2621 693 2668 post
723 2614 866 2669 titulo!
901 2628 1061 2668 quoquo
1093 2618 1207 2657 vers.¹
1239 2630 1277 2670 p.
1312 2618 1400 2659 lll'.
1433 2615 1438 2672 Ι
1476 2617 1541 2658 Dis
1572 2617 1756 2658 manibus
1789 2615 1795 2672 Ι
1831 2615 2034 2673 sacrum}

329 2681 372 2722 L.
390 2682 542 2723 Valerio
574 2683 751 2731 infanti⁸‚
780 2683 785 2733 Ι
819 2690 954 2736 raptus
985 2684 1051 2736 qui
1083 2691 1140 2725 est
1170 2684 1315 2733 subito,
1343 2684 1350 2739 Ι
1377 2698 1455 2737 quo
1488 2686 1567 2725 sato
1601 2699 1680 2726 non
1712 2686 1848 2729 scitur.
1876 2684 1882 2741 Ι
1914 2686 2037 2727 Natus

331 2751 458 2790 noctis
488 2751 542 2790 li.⁴
575 2751 634 2799 Vl,
661 2748 667 2805 Ι
694 2750 787 2791 vixit
816 2750 955 2792 diebus
976 2750 1109 2799 LXXl,
1135 2754 1143 2805 Ι
1169 2751 1247 2792 abit
1281 2753 1408 2793 noctis
1437 2753 1513 2793 ab⁵
1543 2754 1580 2794 b.
1604 2754 1665 2793 Vl.
1693 2754 1699 2806 Ι
1726 2754 1916 2807 Quisquis
1944 2764 2035 2793 eum

329 2818 451 2870 laesit,
478 2817 483 2872 Ι
511 2819 567 2858 sic
597 2832 686 2859 cum
717 2819 798 2860 suis
827 2819 961 2860 valeat.
988 2816 995 2875 Ι
1036 2818 1081 2859 ln
1113 2820 1288 2860 frontes⁸
1318 2821 1396 2860 (luo
1429 2834 1466 2873 p.
1500 2822 1599 2870 ter.²,
1626 2823 1633 2875 Ι
1659 2828 1699 2862 et
1730 2822 1769 2862 in
1802 2822 1924 2863 latera
1955 2821 2035 2861 duo

358 2914 369 2925 .
399 2886 489 2928 ter.¹

328 2898 354 2938 p
443 2950 574 2985 Romae
592 2952 662 3000 (121
674 2954 783 2987 28044
800 2953 893 2987 vidie
910 2954 1142 2996 Hirschfeld).
1155 2972 1199 2979 -—
1219 2956 1250 2995 1)
1272 2954 1325 2994 Cl'.
1341 2955 1441 2995 infra
1459 2955 1503 2991 N.
1517 2957 1618 2992 8316.
1627 2956 1719 2992 8324
1732 2967 1802 3000 eeq.
1816 2973 1861 2980 —-
1878 2955 1913 2996 2)
1930 2954 2035 2988 Pedes

330 3010 461 3042 ternos.
487 3027 532 3033 —
556 3011 591 3050 3)
615 3007 775 3049 Infantis
799 3010 1010 3044 vocabulum
1034 3013 1256 3054 cognominis
1280 3010 1358 3045 loco
1373 3014 1541 3054 positum,
1566 3013 1662 3057 quod
1676 3012 1836 3047 nondum
1848 3021 1963 3055 puero
1978 3012 2034 3043 ὑι-

330 3064 444 3097 ditum
469 3068 560 3099 erae.
582 3084 627 3090 —
659 3067 693 3107 4)
720 3066 827 3099 Hora.
850 3086 897 3092 —
935 3069 968 3110 5)
991 3067 1035 3101 eb
1059 3067 1204 3101 videtur
1228 3079 1352 3101 errore
1375 3071 1576 3111 repetitum.
1599 3088 1645 3094 ——
1669 3070 1703 3112 ὃ)
1728 3068 1783 3110 cr.
1800 3067 1846 3103 Ν.
1860 3069 1955 3103 852⁶
1967 3071 2034 3103 eet.

1965 3137 2033 3144 ——.-
