2196 3412
330 216 412 255 794
1047 217 1169 263 Caput
1190 217 1313 254 XIIII.

441 329 553 376 ‘7535
612 333 649 372 d.
681 345 732 373 m.
759 331 765 387 Ι
794 333 835 372 Ρ.
868 332 1003 373 Caulio
1035 331 1235 372 Coerano¹
1262 332 1269 385 Ι
1306 333 1541 386 negotiatori
1567 331 1575 388 Ι
1600 334 1854 375 ferrariarum
1885 340 1926 374 et
1949 333 1957 389 Ι
1983 334 2039 375 vi-

328 400 533 447 nariariae,
561 398 567 455 Ι
595 400 736 441 Acibas
767 400 834 440 lib.
861 398 868 454 Ι
895 408 1065 453 patrono
1096 401 1278 442 merenti.

441 467 597 501 Puteolis
619 478 705 510 rep„
729 471 780 500 eet
804 466 959 510 Neapoli
985 466 1037 511 (X
1056 467 1142 502 4931
1167 467 1258 501 vidit
1282 467 1502 512 Mommsen).
1526 487 1572 493 -—
1610 470 1642 510 1)
1668 468 1765 502 Idem
1787 471 1827 502 in
1851 467 2040 512 signaculo

327 535 435 558 aeneo
462 523 511 557 IX
532 525 631 557 6085.
647 525 707 556 35.

440 593 554 640 '7536
612 594 650 634 d.
682 606 734 634 m.
761 595 768 648 Ι
804 594 848 633 L.
879 594 1069 647 Lepidius
1100 594 1144 634 L.
1176 594 1243 634 lib.
1276 592 1473 648 Hermes!
1506 595 1729 647 negotiator
1758 598 1934 637 aerarius
1963 602 2004 637 et
2029 594 2038 652 Ι

327 663 538 706 serrarius*
568 663 643 704 sub
673 663 769 703 aede
799 662 1000 703 Fortunae
1034 661 1040 717 Ι
1081 662 1129 702 ad
1160 662 1288 703 lacum
1319 663 1480 711 Arefis',
1521 669 1561 703 et
1600 660 1608 719 Ι
1648 662 1799 705 Obellia
1830 662 2004 715 Tbrepte
2030 661 2039 717 Ι

327 735 512 775 fecerunt
537 730 543 786 Ι
571 731 614 770 L.
647 731 811 785 Lepidio
843 731 887 771 L.
919 731 946 770 f.
980 730 1057 774 Pal,
1083 730 1323 779 Hermerofi,
1350 728 1358 785 Ι
1394 731 1461 783 qui
1491 731 1586 772 vixit
1614 732 1730 772 annis
1751 731 1836 771 vm
1866 729 2038 771 mense}

327 802 467 843 diebus
488 800 580 849 ΧΙΙ,
612 805 651 840 et
676 798 682 854 Ι
711 799 895 852 Lepidiae
925 799 969 843 L.
994 800 1021 842 f.
1045 799 1217 839 Lucinae
1242 795 1248 854 Ι
1277 811 1377 852 quae
1406 800 1499 840 vixit
1528 801 1644 841 annis
1666 800 1694 838 V
1725 798 1865 840 diebus
1884 797 2003 846 Vtut,
2031 795 2039 852 Ι

327 871 403 912 filis
442 867 678 911 dulcissimis
717 873 755 907 et
793 867 979 920 piissimis
1018 880 1111 920 erga
1142 880 1199 915 se,
1240 874 1280 908 et
1319 865 1326 920 Ι
1367 867 1433 908 lib.
1464 866 1761 920 libertabusque
1790 866 2041 920 posterisque

328 951 480 980 eorum.
521 935 528 993 Ι
569 937 675 978 Haec
705 936 828 977 taber.
860 948 950 976 cum
983 935 1099 976 aedis.
1130 935 1248 976 huius
1278 948 1456 976 monum.
1487 936 1607 976 tutela
1637 942 1709 977 est.
1750 935 1757 991 Ι
1801 935 1847 975 Η.
1877 946 1929 975 m.
1958 933 2039 975 sive

327 1007 547 1048 aedificium
581 1005 685 1059 quod
718 1011 788 1052 est,
815 1004 1003 1044 heredem
1035 1017 1116 1044 non
1149 1010 1300 1056 sequet.

442 1073 573 1107 Romae
604 1072 673 1117 (VI
693 1073 778 1107 9664
804 1070 851 1111 cl'.
874 1081 910 1114 p.
925 1071 1013 1106 5470
1042 1073 1185 1114 saepius
1210 1070 1388 1113 descripta
1412 1081 1504 1106 saec.
1529 1070 1641 1111 XVI).
1674 1090 1720 1095 —-
1752 1070 1783 1112 1)
1807 1070 1911 1104 Alius
1934 1078 2040 1113 nego-

328 1132 418 1165 tians
444 1130 602 1164 ferrarius
626 1129 774 1163 114499.
811 1128 951 1162 Fabros
966 1127 1147 1169 ferrarios
1171 1128 1279 1161 habes
1302 1126 1404 1167 infra
1420 1126 1466 1162 Ν.
1482 1128 1573 1163 7723
1584 1139 1655 1172 seq.
1673 1147 1718 1152 -
1741 1128 1776 1169 2)
1800 1126 1918 1161 Locus
1940 1126 2043 1160 urbis

328 1187 461 1222 Romae
483 1189 668 1230 praeterea
693 1188 849 1228 ignotus.

441 1267 556 1314 ’7537
606 1269 643 1308 d.
665 1281 718 1308 m.
739 1282 771 1308 s.
799 1267 805 1321 Ι
832 1268 877 1307 Τ.
902 1263 1128 1323 [Ε]ΙενΙι’]υε
1151 1263 1228 1323 [Τ.]
1251 1267 1316 1307 lib.
1339 1263 1554 1323 Salutari[s]
1581 1267 1588 1320 Ι
1615 1266 1838 1319 Augustalis
1863 1264 1871 1320 Ι
1895 1264 1970 1306 sibi
2000 1271 2040 1305 et

330 1338 489 1379 Titiriae
505 1337 695 1378 Felicitati
723 1334 730 1389 Ι
756 1336 915 1389 coniugi
939 1335 1042 1375 bene
1057 1336 1238 1384 merenti,
1262 1332 1269 1390 Ι
1294 1335 1473 1388 negotias
1489 1334 1748 1389 calcariarius,
1773 1335 1781 1385 Ι
1807 1334 1916 1374 vivus
1936 1332 2041 1374 feeit.

446 1404 588 1447 Capuae
612 1403 662 1443 (X
681 1403 769 1439 5947
791 1402 900 1436 semel
921 1402 1130 1446 descripta).

443 1483 559 1531 ’7538
617 1485 931 1526 Verecundiniae
963 1484 1118 1525 Placide
1159 1481 1166 1538 Ι
1206 1483 1286 1524 sive
1317 1483 1493 1524 Soiioni¹
1529 1481 1691 1534 coniugi
1730 1481 1738 1536 Ι
1779 1480 2041 1529 dulcissimae,

330 1568 430 1608 quae
460 1555 553 1595 vixit
592 1553 599 1609 Ι
638 1566 732 1594 ann.
760 1553 938 1604 XXVIll‚
975 1559 1015 1594 et
1044 1551 1387 1593 Verecundineoi²
1420 1548 1635 1605 Delsiderio
1667 1550 1720 1590 fil.
1752 1550 1850 1599 eius,
1881 1548 2042 1590 Deside-

329 1630 440 1665 ratus
466 1621 471 1677 Ι
499 1623 678 1664 Curmilli
711 1635 800 1675 neg.
831 1623 925 1662 artis
955 1621 1166 1674 lapidariae
1194 1618 1200 1675 Ι
1227 1620 1334 1661 vivus
1365 1619 1439 1661 sibi
1470 1626 1511 1660 et
1540 1619 1587 1659 iis
1618 1618 1735 1659 obitis
1766 1618 1871 1659 iecit.

440 1690 610 1724 Coloniae
627 1690 851 1733 Agrippinae
867 1699 941 1731 rep.
958 1687 1222 1731 (Ktinkenoerg
1241 1687 1374 1722 Wescd.
1390 1686 1727 1729 Ii’orrespondenzbt.
1741 1685 1829 1720 4903
1842 1696 1877 1728 p.
1890 1683 1985 1727 175).
1997 1702 2043 1709 —

333 1750 364 1792 1)
389 1747 527 1782 Nomen
546 1747 737 1789 Gallicum,
761 1745 811 1786 cli
835 1755 949 1788 supra
973 1743 1018 1778 Ν.
1034 1744 1129 1779 4744.
1153 1762 1198 1768 -
1224 1744 1258 1787 2)
1281 1744 1359 1778 Ser.
1376 1742 1628 1777 Verecundinio
1654 1741 1775 1783 (saber
1795 1742 1954 1785 primum
1976 1751 2041 1785 po·

329 1807 450 1838 suerat
475 1803 667 1838 verecundi
692 1803 782 1844 desi,
805 1802 913 1845 idque
935 1801 1030 1834 male
1053 1803 1246 1842 eorreoeit).

444 1883 558 1930 7539
617 1885 658 1925 C.
689 1883 842 1924 Tullius
872 1883 1064 1923 Crescens
1104 1880 1110 1936 Ι
1153 1882 1375 1933 negotiator
1413 1880 1694 1921 marmorarius
1733 1878 1740 1934 Ι
1780 1880 1829 1920 de
1864 1879 2041 1928 Galbes¹‚

332 1955 425 1996 fecit
454 1953 529 1994 sibi
561 1953 671 1994 vibus
702 1958 741 1993 et
766 1950 772 2007 Ι
798 1951 949 1992 Tulliae
983 1950 1177 1991 Primillae
1203 1949 1211 2003 Ι
1245 1949 1488 1990 conlibertae
1519 1960 1613 1989 suae
1643 1948 1867 1989 carissimae
1896 1954 1935 1988 et
1958 1946 1967 2003 Ι
1992 1946 2041 1988 li·

331 2023 454 2064 bertis
484 2021 778 2073 libertabusque
805 2017 811 2074 Ι
838 2015 1108 2074 posterisqu[e]
1141 2030 1291 2059 eorum.

446 2088 578 2123 Romae
603 2087 674 2131 (VI
693 2088 808 2122 53886
833 2087 924 2120 vidie
948 2087 1128 2128 Huelsen).
1158 2104 1202 2111 —
1238 2086 1270 2128 t)
1295 2084 1348 2117 De
1371 2085 1511 2117 hor-refe
1536 2082 1677 2117 Galbae.

331 2149 560 2216 *7540
617 2182 652 2209 v.
684 2168 743 2224 ¹21
779 2168 957 2209 ven-sinia
988 2166 1031 2210 2.
1062 2168 1090 2208 1.
1124 2168 1131 2218 ι
1165 2163 1331 2220 Tycha!
1366 2141 2041 2219 effi!

331 2237 578 2280 materiario¹
597 2235 604 2292 Ι
621 2238 750 2290 colug.
771 2237 874 2277 bene
892 2235 897 2293 Ι
917 2237 1069 2278 merito.
1092 2245 1352 2290 (Instrumenta
1365 2243 1528 2286 fabrilia,
1543 2245 1583 2277 in
1597 2244 1653 2277 ltt's
1669 2242 1898 2287 inscriptum)
1917 2231 2044 2272 PAL.²

446 2306 561 2348 Prope
576 2305 801 2338 Florentiam
826 2315 899 2346 rap.
926 2300 995 2345 (ΧΙ
1013 2301 1100 2335 4620
1123 2311 1229 2344 saepe
1245 2301 1424 2344 descripta
1446 2310 1537 2333 saec.
1554 2298 1827 2341 XVI-XVII&
1849 2301 2043 2342 imaginent

332 2364 476 2397 exhibet
501 2361 653 2395 Bovillas
670 2360 753 2393 diss.
771 2359 872 2394 acad.
894 2359 1040 2393 cortou.
1058 2357 1138 2402 ΙΙΙ).
1157 2376 1202 2382 --
1229 2359 1260 2400 1)
1286 2357 1391 2390 Alius
1413 2367 1524 2396 supra
1549 2355 1594 2391 N.
1609 2356 1694 2391 5174
1703 2362 1728 2391 ¹.
1745 2375 1790 2380 —
1813 2357 1847 2397 2)
1874 2356 1908 2391 P.
1927 2354 2044 2396 Amr?

447 2441 557 2488 ’7541
617 2442 654 2482 d.
677 2454 727 2482 m.
756 2439 762 2496 Ι
789 2441 838 2480 Μ.
861 2439 1013 2480 Licinio
1045 2438 1206 2478 Moscho
1233 2442 1240 2492 Ι
1268 2439 1485 2491 negotianti
1516 2436 1740 2491 perticalrio
1771 2443 1811 2477 et
1840 2437 2043 2478 Corneliae

334 2512 496 2553 Proclae
522 2508 528 2566 Ι
555 2509 738 2562 coniugi,
777 2508 1023 2561 Pomponius
1049 2505 1054 2562 Ι
1083 2506 1274 2560 Olympus
1303 2509 1424 2547 frater
1453 2512 1492 2546 et
1521 2505 1780 2559 Filulmenus‚
1810 2505 1936 2554 Sotiis,
1967 2504 2042 2546 Zo-

334 2581 456 2621 simus
483 2577 489 2635 Ι
517 2579 643 2619 liberti
676 2585 715 2618 et
744 2577 908 2618 heredes
940 2577 1058 2617 secer.

447 2646 578 2680 Romae
602 2645 671 2685 (VI
692 2645 780 2679 9672
805 2644 946 2677 Hannon
970 2642 1064 2676 vidie
1084 2643 1253 2684 par-tem).

447 2727 561 2773 7542
619 2729 656 2768 d.
687 2741 740 2768 m.
779 2727 812 2767 is
842 2726 955 2767 cuius
994 2735 1065 2778 per
1094 2724 1221 2775 capita
1253 2733 1454 2762 versorum
1498 2734 1642 2762 nomen
1673 2722 1906 2777 declaratur,
1949 2720 2044 2762 fecit

334 2810 376 2838 se
407 2795 520 2836 vibus
549 2796 623 2837 sibi
654 2801 694 2836 et
722 2795 804 2836 suis
834 2792 1033 2841 omnibus,
1066 2790 1215 2831 libertis
1237 2788 1533 2842 libertabusque
1564 2790 1811 2843 posterisque
1833 2800 1985 2829 eorum.

626 2863 746 2903 Liber
777 2875 885 2903 nunc
915 2861 1020 2902 curis
1051 2859 1191 2900 fuerim
1222 2858 1304 2911 qui,
1335 2858 1488 2911 respice
1519 2858 1653 2898 lector.

625 2932 750 2972 Notus
780 2931 820 2971 in
854 2931 950 2971 urbe
981 2928 1114 2971 sacra¹
1151 2926 1354 2968 vendenda
1386 2926 1487 2979 pelle
1519 2926 1693 2978 caprina,

625 2999 783 3039 exhibui
814 3010 965 3039 merces
994 2995 1253 3051 popularibus
1288 2995 1424 3036 usibus
1454 3001 1575 3047 aptas,

626 3079 714 3107 rara
744 3066 842 3107 fides
871 3066 984 3106 cuius
1014 3064 1165 3105 laudata
1195 3070 1255 3104 est
1283 3075 1442 3115 semper
1472 3062 1631 3115 ubique.

590 3144 607 3171 Γ»
628 3135 711 3176 Vita
741 3140 850 3174 veata
881 3132 972 3181 ruit,
1002 3136 1125 3174 struxi
1157 3131 1252 3172 mibi
1284 3142 1499 3179 marmora,
1539 3130 1638 3170 feci'
