2196 3412
346 201 432 241 888
1080 202 1203 249 caput
1224 202 1322 240 XVI.

348 317 409 358 Tu
439 318 669 370 quicunque
699 318 853 358 titulum
887 325 1067 359 nostrum
1099 319 1272 372 releges,
1311 330 1408 371 rogo
1438 332 1512 372 per
1540 332 1708 373 superos
1746 320 1804 361 sic
1842 326 1886 360 ut
1913 321 1961 363 ad
1991 322 2055 363 in-

351 385 483 426 fernas
513 392 646 438 partes
675 385 890 437 recipiaris,
929 399 977 426 ne
1008 386 1102 427 velis
1135 386 1264 427 tribus
1292 387 1512 440 sepulchris
1541 388 1752 428 molestari.

453 452 583 485 Romae
601 451 672 495 (VI
682 452 805 487 15927.
816 453 926 487 56651
946 452 994 493 ef.
1002 464 1040 496 p.
1048 453 1138 488 5314
1154 454 1262 488 temel
1272 453 1452 497 descripta
1468 456 1567 488 eit-ea
1579 466 1614 490 a.
1622 455 1736 498 1500).
1750 474 1792 479 ——
1812 456 1846 499 1)
1863 454 2057 490 caer-emm

349 508 516 541 Euodion
531 513 796 542 monumentum
812 508 903 549 feeit
916 511 986 543 eibi
1001 513 1036 543 et
1053 510 1249 544 Caerelliae
1263 509 1486 554 Capitolinae
1503 513 1651 555 coniugi
1666 516 1700 546 σε
1713 512 1882 545 Aur-oliae
1893 511 2058 546 Evodio·

347 564 447 604 filiae
469 567 708 598 manumissae
731 567 775 598 ab
798 566 975 610 Augusto.

461 654 576 701 8197
635 658 876 711 quicumque
906 659 1106 700 violaverit
1131 658 1139 711 Ι
1163 659 1245 700 sive
1275 659 1539 709 inmutaverit,
1565 658 1572 715 Ι
1604 661 1748 701 sentiat
1777 663 1897 702 iratos
1920 661 1928 717 Ι
1954 656 2057 702 Βοω-

348 738 420 779 per
449 726 537 766 sibi.
603 727 609 731 '

462 793 581 826 Ostiae
604 803 680 836 rep.
705 793 813 834 (XIV
828 794 916 828 1872
941 794 1054 828 deser.
1079 794 1114 828 C.
1130 794 1169 829 L.
1185 794 1379 839 Vis-conti).

461 873 578 921 8198
638 877 675 916 d.
698 890 749 916 m.
771 889 801 917 s.
830 877 836 931 Ι
863 877 906 916 L.
926 876 1010 917 Vibi
1033 877 1186 926 Felicis,
1217 879 1280 919 hic
1306 878 1314 934 Ι
1339 886 1480 931 suptus
1511 878 1662 931 positus
1692 885 1763 919 est.
1798 875 1805 933 Ι
1838 877 1982 919 Moneo
2007 885 2059 927 te.

353 945 464 985 lectis
494 942 647 1000 litlteris
687 958 738 985 ne
769 952 1004 986 contemnas
1039 944 1046 999 Ι
1081 955 1120 986 et
1149 945 1246 985 velis
1283 946 1440 986 titulum
1471 942 1644 1002 molvere
1680 952 1720 986 et
1749 945 1910 999 corpori
1940 943 2059 1001 iuliu-

350 1013 447 1053 riam
479 1015 621 1054 faeere.
669 1013 709 1054 Si
737 1012 743 1067 Ι
770 1014 859 1066 quis
888 1020 1019 1054 autem
1051 1014 1123 1054 sibi
1156 1011 1386 1068 admiserit,
1429 1027 1509 1054 non
1542 1014 1651 1054 bono
1692 1012 1700 1067 Ι
1740 1027 1813 1055 suo
1844 1013 1984 1054 fecerit
2020 1020 2060 1054 et

348 1094 516 1134 superos
543 1079 548 1135 Ι
575 1088 614 1122 et
644 1082 793 1122 inferos
821 1082 944 1122 iratos
969 1080 975 1137 Ι
1002 1082 1166 1131 habeat;
1201 1082 1304 1122 lecto
1335 1079 1459 1137 melru
1492 1083 1699 1136 profunde.

462 1147 594 1181 Romae
623 1148 694 1188 (VI
716 1148 830 1184 56557
852 1149 944 1182 vidit
968 1148 1146 1194 Huelsen).

462 1227 577 1275 8199
637 1230 828 1271 Graniaes
856 1229 1152 1286 Primilgeniaes
1191 1230 1315 1272 locus.
1357 1229 1363 1285 Ι
1403 1231 1479 1278 Qui
1518 1232 1593 1271 hoc
1632 1230 1791 1271 titulum
1829 1226 2059 1285 sustullerit,

351 1299 492 1340 habeat
521 1299 639 1340 iratas
664 1296 671 1354 Ι
697 1299 858 1339 umbras
888 1300 956 1352 qui
987 1300 1051 1340 hic
1083 1299 1197 1352 positi
1226 1297 1232 1353 Ι
1258 1306 1364 1339 sunt.

462 1363 623 1397 Puteolis
648 1376 734 1408 rep„
759 1366 887 1399 deinde
910 1366 1010 1409 apud
1033 1366 1287 1399 Mommsenum
1313 1366 1363 1406 (X
1383 1366 1471 1399 2487
1494 1365 1588 1398 vidit
1611 1364 1834 1409 Mommsen).

461 1455 579 1503 8200
637 1460 675 1499 d.
706 1472 758 1499 m.
800 1457 806 1515 Ι
852 1459 893 1500 C.
925 1461 1104 1501 Voltilius
1136 1461 1336 1513 Cypaerus
1372 1468 1411 1500 et
1443 1459 1571 1499 Flavia
1615 1459 1621 1514 Ι
1671 1459 1840 1499 Primilla
1880 1459 2064 1499 fecerunt

350 1524 390 1565 C.
413 1525 569 1567 Voltilio
597 1526 603 1582 Ι
631 1528 800 1568 Atimeto
833 1529 859 1568 f.
889 1541 961 1569 suo
994 1528 1220 1569 dulcissimo
1252 1535 1291 1568 et
1320 1528 1578 1580 pientissiffmo
1610 1527 1713 1568 bene
1743 1526 1935 1575 merenti,
1968 1525 2063 1566 vixit

350 1606 443 1634 anu.
463 1594 566 1635 XVII
597 1608 650 1635 m.
672 1595 704 1635 V
732 1593 738 1650 Ι
764 1597 800 1637 d.
824 1596 904 1636 XX.
966 1597 1154 1649 Quisquis
1179 1597 1271 1636 huic
1292 1596 1503 1649 sepulchro
1535 1608 1682 1636 nocere
1709 1594 1716 1650 Ι
1741 1601 1908 1636 conatus
1929 1594 2060 1641 fuerit,

350 1675 486 1704 manes
516 1664 602 1704 eius
634 1677 724 1704 eum
755 1662 978 1720 exalgitent.

461 1729 596 1764 Romae
621 1731 693 1774 (VI
712 1732 820 1766 2947!
847 1732 938 1772 vidit
959 1731 1174 1775 Burmann).

461 1821 575 1869 82⁰1
635 1826 672 1865 d.
695 1838 746 1866 m.
774 1825 781 1880 Ι
807 1826 988 1866 Claudiae
1011 1824 1263 1880 Fortulnatae
1294 1833 1333 1865 et
1370 1823 1599 1879 Fortunalto
1630 1830 1670 1864 et
1688 1824 1809 1864 Laeto
1840 1822 1915 1863 filis
1944 1820 2061 1876 eius}

351 1890 452 1931 bene
483 1892 741 1941 merentibus,
769 1891 775 1946 Ι
802 1892 1047 1934 Abascantus
1079 1891 1338 1945 conliberltus
1368 1893 1473 1933 feeit.
1534 1892 1711 1945 Quisque
1741 1888 1893 1946 melnes
1922 1891 2063 1944 inque-

351 1958 506 2009 taberit‚
538 1959 699 2000 babebit
729 1961 812 2001 illas
843 1958 986 2016 iraltas.

466 2026 622 2060 Puteolis
645 2038 721 2069 rep.
748 2027 800 2066 (Χ
822 2028 914 2062 2289
937 2028 1099 2071 exemplo
1123 2028 1319 2072 Fiet-ellit).

462 2106 602 2153 8201ει
645 2110 704 2150 dis
726 2110 909 2152 manibus
931 2109 937 2166 Ι
960 2111 1150 2159 Thetidis,
1175 2113 1247 2154 vix.
1275 2109 1282 2166 Ι
1308 2124 1401 2151 ann.
1420 2109 1483 2158 lX,
1506 2117 1545 2150 et
1565 2109 1758 2166 Charildis
1778 2109 1940 2157 sororis,
1960 2105 2061 2164 vim!

356 2188 447 2218 ann.
467 2176 547 2225 XV,
578 2178 673 2218 fecit
699 2175 705 2231 Ι
732 2185 843 2231 pater
865 2192 911 2220 ex
932 2180 1014 2220 viso
1041 2178 1047 2233 Ι
1075 2179 1134 2219 Ti.
1159 2179 1342 2220 Claudius
1369 2176 1375 2233 Ι
1402 2179 1601 2231 Panoptes
1631 2185 1670 2218 et
1695 2180 1701 2231 Ι
1728 2184 1853 2218 mater
1873 2177 2063 2218 Charmo-

351 2256 461 2295 syne.
497 2242 502 2298 Ι
539 2244 611 2293 Tu,
644 2247 711 2299 qui
742 2247 840 2300 legis
869 2254 909 2288 et
933 2247 940 2302 Ι
967 2247 1122 2288 dubitas
1154 2248 1290 2288 Manes
1316 2245 1322 2302 Ι
1350 2259 1449 2295 esse,
1480 2246 1697 2299 sponsione
1724 2244 1730 2301 Ι
1759 2246 1858 2286 facta
1887 2245 2027 2286 invoca
2053 2240 2061 2299 Ι

354 2324 425 2351 nos
458 2320 496 2351 et
527 2313 746 2366 intelleges.
773 2312 780 2370 Ι
808 2315 905 2356 ltem
938 2316 1051 2356 Euno
1086 2317 1258 2356 nutricio
1285 2314 1292 2368 Ι
1319 2327 1453 2355 earum
1485 2314 1705 2355 collliberto
1735 2326 1822 2354 suo.

465 2378 597 2412 Romae
620 2391 694 2423 rep.
719 2382 769 2414 ad
792 2383 887 2415 viam
910 2383 1069 2445 Appiam
1096 2383 1166 2426 (VI
1188 2383 1301 2418 27565
1325 2382 1415 2415 vidie
1437 2381 1610 2425 Hannon).

466 2440 584 2517 8202
642 2473 702 2513 L.¹
735 2473 925 2516 Caecilius
957 2476 1000 2515 L.
1005 2476 1016 2497 ¹
1044 2474 1050 2530 Ι
1078 2482 1116 2516 et
1144 2474 1184 2517 3.
1216 2477 1241 2517 l.
1273 2476 1414 2517 Florus
1447 2473 1453 2529 Ι
1489 2475 1583 2515 vixit
1611 2485 1739 2514 annos
1768 2472 1853 2513 XVI
1878 2471 1887 2528 Ι
1912 2480 1951 2514 et
1979 2484 2063 2513 me-

355 2540 464 2581 sibus
494 2540 574 2580 Vll.
634 2540 710 2588 Qui
738 2541 744 2595 Ι
771 2542 835 2582 hic
866 2543 1022 2583 mixerit
1050 2550 1119 2583 aut
1145 2542 1151 2598 Ι
1179 2545 1340 2591 calcarit,
1372 2543 1514 2584 habeat
1537 2542 1544 2597 Ι
1579 2543 1674 2582 deos
1703 2553 1873 2594 superos
1903 2547 1943 2582 et
1967 2539 1975 2594 Ι
2000 2540 2063 2581 in·

358 2610 463 2649 seros
492 2609 625 2649 iratos.

465 2675 596 2709 Romae
622 2675 814 2719 (12148740
838 2675 886 2717 cl'.
903 2687 937 2720 ρ.
953 2678 1047 2712 5515
1072 2678 1125 2710 bis
1149 2680 1190 2710 ut
1207 2678 1351 2711 videtur
1376 2677 1557 2721 descripta
1580 2687 1672 2711 saec.
1691 2675 1822 2717 XVII).
1839 2694 1885 2701 -
1910 2677 1944 2719 1)
1965 2674 2063 2711 [ΠΝ-

356 2742 436 2795 que
439 2733 534 2795 loeo
539 2734 704 2796 primum
729 2733 842 2772 tuma
866 2733 913 2774 C„
938 2734 977 2767 id
1000 2737 1201 2767 com-eccum
1227 2736 1264 2766 in
1289 2733 1313 2766 L
1337 2734 1557 2798 significan}
1559 2734 1797 2797 apog-,rapha

467 2793 583 2870 8203
642 2827 679 2866 d.
701 2839 753 2867 m.
781 2825 788 2881 Ι
815 2827 855 2868 C.
878 2827 1091 2868 Annidieni
1114 2827 1287 2867 Marcelli
1312 2826 1319 2882 Ι
1348 2826 1388 2868 C
1411 2827 1659 2867 Annidienus
1685 2826 1891 2879 Frequens
1920 2837 2027 2865 evoe.
2053 2822 2062 2877 Ι

354 2893 453 2945 Aug.
494 2894 594 2945 patri
636 2895 811 2946 piissimo
851 2902 890 2935 et
925 2895 1244 2950 incomparabili,
1290 2892 1297 2950 Ι
1337 2902 1375 2935 et
1414 2895 1488 2935 sibi
1528 2896 1668 2948 suisq„
1710 2895 1775 2935 lib.
1807 2892 2064 2945 libertabusq.

358 2962 564 3013 posterisq.
595 2974 678 3002 eor.
719 2961 725 3017 Ι
767 2962 902 3016 Ulpiae
934 2964 983 3004 Μ.
1021 2963 1084 3007 lib.
1120 2963 1275 3004 Dmoidi
1315 2964 1373 3004 dis
1405 2964 1565 3013 manib„
1607 2976 1656 3005 ne
1686 2963 1775 3016 quis
1813 2962 1878 3003 bie
1914 2959 2061 3017 urina!

362 3030 489 3071 faciat.
547 3029 603 3070 Ex
635 3031 717 3071 viso
749 3031 926 3072 nutricis.

469 3095 600 3130 Romae
625 3095 695 3140 (VI
716 3098 807 3132 5415
832 3098 920 3131 vidie
947 3098 1115 3140 nouzon).
