2196 3412
324 194 409 233 828
1064 198 1184 243 Caput
1205 197 1304 235 XVI.

325 311 394 352 Set
422 324 512 351 cum
551 319 590 352 et
619 312 771 353 facilius
803 324 1072 353 successorem
1115 309 1341 369 [effecturus
1379 314 1430 355 sit
1466 314 1497 355 si
1537 327 1585 354 ex
1616 315 1839 368 peregrinis
1877 326 2037 367 quoque

324 378 587 419 substituendi
609 378 744 426 facul-1
758 380 827 431 (15)
838 386 956 419 tatem
977 380 1144 429 abuerit,
1165 381 1241 420 hoc
1261 381 1376 421 etiam
1400 387 1556 435 praesto
1577 383 1650 423 en⁴
1670 384 1859 436 deinceps
1880 383 2037 430 ceteris,

326 443 426 502 q[ui]
448 447 666 487 diadochen
695 447 925 488 habuerint:
956 447 1091 488 licebit
1110 448 1171 488 vel
1193 448 1243 488 im
1267 450 1502 502 pegi-einum
1529 455 1612 500 (sic)
1643 451 1703 491 vel
1731 450 1736 505 Ι
1764 450 1831 506 (16)
1850 451 1889 491 in
1912 450 2037 491 civem

326 514 548 554 Romanum
580 515 641 555 ius
671 515 746 555 hoc
777 515 997 555 transferri.

440 583 507 634 (17)
529 582 768 625 Πλωτεῑνα
788 581 989 639 Σεβαστὴ
1023 584 1140 626 πᾶσι
1169 591 1266 633 τοῖς
1297 583 1449 640 φίλοις
1475 587 1650 641 χαίρειν
1682 596 1862 640 (sequitur
1885 595 2038 640 epistula

324 649 490 683 Plotinae
514 649 564 682 ad
583 651 784 693 participes
806 651 919 684 studii
942 651 1115 695 Epicurei
1138 650 1392 695 Atheniensis).

438 717 591 750 Athenis
612 728 686 760 rep.
705 729 738 753 a.
749 719 845 760 4890,
863 718 912 752 ad
927 721 1058 753 turrim
1075 719 1285 762 Ventorum,
1307 719 1369 752 sed
1383 721 1447 753 viat
1463 719 1540 754 loco
1557 721 1719 763 antiquo,
1741 731 1826 755 nam
1840 720 2038 762 frustulum

323 772 437 806 multo
462 775 546 806 ante
564 774 757 816 prodierat
779 778 818 808 in
841 776 972 809 Piraeo
997 775 1069 819 (III
1093 776 1129 810 S.
1147 767 1274 810 42283.
1299 775 1410 811 44203
1416 775 1462 818 ¹⁵,-
1486 777 1528 810 Α.
1547 776 1712 810 Wilhelm
1735 775 1962 818 lant-echone
1978 777 2038 810 des

326 832 474 864 oesterr.
497 831 597 864 arch.
622 831 708 865 Inst.
732 833 773 873 2,
804 832 891 866 4899
918 843 955 876 p.
979 834 1045 867 270
1075 843 1156 866 cum
1179 834 1368 874 imagine).
1417 832 1470 873 Cf.
1494 833 1593 866 Diels
1617 835 1751 868 Archiv
1775 833 1804 874 f.
1831 834 1950 868 Geseli.
1974 833 2039 867 der

325 887 553 929 Philosophie
564 889 597 930 4,
613 888 696 922 4894
713 899 749 931 p.
761 890 825 923 486
837 900 908 932 seq.
919 902 933 931 ;
955 889 1149 922 Mommsen
1164 889 1342 923 Zeitschr.
1355 889 1390 924 d.
1405 889 1727 934 Sam'gnystiflung
1740 889 1771 931 [ζ
1783 889 2036 933 accingenda„

325 953 415 976 rom.
433 945 535 979 Abllz.
554 944 611 986 42,
633 945 723 978 4892
744 955 781 988 p.
797 945 879 979 453.
914 965 961 970 --
1002 947 1030 987 1)
1055 947 1098 979 A.
1121 957 1155 989 p.
1182 945 1261 979 Chr.
1286 945 1350 979 424
1378 945 1558 990 (Augur-te
1579 957 1796 990 praenomen
1820 948 1970 981 accessit
1991 957 2039 980 ea·

328 999 385 1033 111
407 1000 443 1034 S.
465 1001 552 1034 9759
583 1000 631 1040 cll
656 1001 710 1034 111
734 1002 772 1036 S.
791 1013 829 1045 p.
853 1003 962 1045 2328,
986 1003 1077 1045 456).
1118 1021 1163 1027 -
1202 1003 1238 1043 2)
1267 1002 1433 1046 Epistula
1467 1003 1628 1038 Plotinae
1657 1004 1707 1038 ad
1734 1004 1969 1038 Hadn‘anum.
1992 1021 2039 1028 -

325 1058 360 1098 3)
381 1056 640 1091 scholar-elium
656 1058 809 1091 Athenis
833 1062 953 1092 creari
975 1069 1049 1092 non
1068 1061 1231 1102 potuisse
1253 1061 1326 1092 nisi
1349 1061 1459 1093 civem
1476 1059 1673 1094 Romanum
1696 1060 1804 1104 plane
1826 1071 1957 1095 novum
1981 1069 2039 1092 ac—

326 1113 416 1146 cidit
440 1111 644 1158 (Momm).
668 1133 714 1139 —
737 1115 772 1157 4)
797 1115 875 1150 Scr.
901 1116 932 1150 ei
957 1121 1003 1150 et.

439 1238 552 1285 '7785
625 1241 758 1282 Nardu
773 1245 859 1291 (sic)
886 1240 892 1297 Ι
919 1250 1035 1296 poeta
1062 1241 1068 1297 Ι
1095 1243 1250 1296 pudens
1275 1241 1281 1298 Ι
1307 1243 1384 1283 hcc
1410 1241 1417 1297 Ι
1443 1244 1592 1296 tegitur
1616 1243 1622 1299 Ι
1651 1244 1816 1285 tumulo.

438 1306 565 1351 Nolae,
582 1308 713 1342 litteris
727 1312 872 1352 magnis
888 1313 922 1342 et
938 1311 1041 1343 bonis
1058 1309 1110 1353 (X
1118 1310 1206 1344 4284
1222 1311 1314 1344 vidit
1330 1310 1549 1355 Mommsen).
1586 1311 1779 1344 Buecheler
1796 1320 1907 1344 carm.
1923 1310 2040 1353 epigr.

325 1373 361 1397 n.
373 1364 452 1397 962.
477 1383 523 1389 —
550 1366 653 1398 Alios
671 1368 799 1408 poetas
821 1366 936 1399 dictos
958 1367 998 1399 in
1021 1367 1201 1410 lapidibus
1223 1366 1483 1410 sepulcr-atibus
1506 1368 1613 1400 habes
1635 1378 1747 1411 supra
1763 1366 1808 1401 N.
1826 1367 1921 1402 4849.
1938 1366 2039 1400 2954.

326 1420 428 1455 2955.

1100 1561 1272 1596 Medici.

439 1624 551 1672 7786
591 1628 792 1669 Numinib.
815 1630 915 1682 Aug.
943 1627 949 1685 Ι
976 1636 1015 1670 et
1036 1630 1162 1671 Genio
1183 1631 1258 1671 eol.
1280 1630 1380 1671 Hel.¹
1409 1628 1415 1685 Ι
1441 1630 1614 1684 Apollini
1635 1642 1733 1671 sacr.
1763 1627 1770 1684 Ι
1795 1629 1844 1678 Q.
1860 1630 2037 1672 Pastum.

328 1694 507 1749 Hy'ginus
533 1695 539 1752 Ι
567 1702 606 1737 et
635 1697 812 1738 Postum.
844 1697 1010 1738 Hermes
1039 1699 1107 1738 lib.
1133 1697 1140 1754 Ι
1167 1698 1331 1739 medicis
1361 1705 1400 1738 et
1429 1698 1686 1751 professorib.
1713 1697 1720 1750 Ι
1746 1697 1784 1738 d.
1804 1711 1837 1739 s.
1858 1698 1895 1738 d.

442 1764 609 1798 Aventici
633 1764 737 1804 (XIII
751 1765 838 1799 5079
855 1782 898 1794 =
915 1765 1028 1799 Inscr.
1054 1765 1150 1799 Helv.
1174 1765 1236 1798 464
1261 1765 1352 1799 vidit
1375 1765 1598 1809 Mommsen).
1628 1784 1672 1790 —
1712 1766 1744 1807 1)
1769 1763 1939 1800 Coloniae
1959 1763 2040 1797 1101-

326 1820 519 1854 vetiorum.
568 1820 623 1860 Cf.
648 1831 759 1863 supra
783 1820 829 1855 N.
845 1822 943 1856 2697.
966 1821 1064 1856 7008.
1087 1821 1182 1855 7009.

441 1875 571 1910 Schola
594 1877 813 1911 medicorum
840 1878 896 1922 (in
919 1878 1023 1922 urbe)
1048 1889 1160 1921 supra
1184 1877 1231 1912 N.
1246 1878 1344 1913 5484.
1369 1897 1415 1903 -
1446 1878 1603 1912 Medicos
1626 1878 1682 1911 vel
1704 1879 1921 1913 medicorum
1944 1887 2040 1910 men·

326 1933 443 1968 tiones
468 1934 574 1966 habes
598 1936 708 1966 etiam
731 1945 840 1977 supra
865 1933 910 1968 Ν.
925 1934 1021 1968 4544.
1045 1934 1136 1968 4770.
1163 1935 1387 1970 4844-4846.
1411 1936 1515 1970 2092.
1538 1936 1644 1969 2093.
1667 1935 1786 1970 2493·.
1808 1935 1908 1969 2494.
1931 1934 2038 1968 2432.

324 1990 429 2024 2542,
454 1990 554 2024 2604.
578 1991 680 2024 2602.
704 1991 942 2024 2898-2900.
963 1992 1067 2026 3543.
1091 1993 1213 2027 5855·.
1244 1992 1347 2026 5452.
1370 1992 1471 2027 5340.
1495 1993 1591 2026 6507.
1615 1994 1715 2027 6903.
1738 1992 1859 2027 7450“.

439 2093 554 2139 7787
613 2095 650 2135 d.
682 2108 734 2135 m.
776 2095 781 2150 Ι
826 2097 865 2136 C.
898 2096 1013 2136 Plinii
1041 2093 1047 2151 Ι
1077 2096 1271 2137 Valeriani
1302 2095 1309 2151 Ι
1343 2097 1483 2137 medici
1511 2095 1517 2150 Ι
1552 2097 1618 2149 qui
1650 2096 1775 2149 vixit}
1808 2109 1902 2136 ann.
1933 2094 2039 2135 XXII

327 2177 380 2204 m.
402 2164 452 2203 Vl
482 2165 519 2204 d.
544 2164 585 2212 V,
613 2161 619 2217 Ι
644 2172 842 2216 parentes.

442 2230 539 2265 Comi
564 2230 616 2271 (V
628 2230 719 2265 5347
742 2231 833 2264 vidit
849 2231 1069 2277 Mommsen).
1085 2251 1131 2257 —
1155 2233 1306 2275 Propter
1323 2233 1418 2265 hunc
1434 2232 1582 2265 titulum
1598 2232 1732 2265 Paulus
1748 2231 1868 2265 Ionius
1882 2230 2042 2264 modicus

327 2292 361 2321 el
389 2299 512 2321 rerum
541 2289 698 2330 scriptor
724 2287 901 2321 Comensis
932 2289 1151 2322 breviarium
1174 2289 1374 2323 medicinae
1397 2300 1415 2321 e
1439 2289 1556 2323 Plinio
1581 2288 1733 2331 aliisque
1763 2290 1880 2321 aetate
1902 2287 2042 2321 labente

328 2348 534 2388 excerptum
559 2356 580 2378 a
606 2344 724 2377 Plinio
749 2344 946 2378 Valeriano
967 2347 1141 2389 scriplum
1164 2357 1239 2379 esse
1263 2346 1379 2380 voluit
1401 2346 1462 2389 (Ρ.
1479 2346 1601 2379 Iovius
1625 2345 1668 2378 de
1688 2346 1847 2388 piscibus
1869 2345 2041 2387 romanis,

328 2400 428 2437 Rom.
444 2401 544 2441 4524,
570 2411 647 2444 cap.
663 2402 710 2435 35
717 2410 732 2443 ,·
768 2400 816 2440 cf:
841 2401 885 2435 V.
902 2401 991 2435 Rosa
1016 2402 1132 2436 Herm.
1149 2404 1183 2445 8,
1198 2404 1246 2437 59
1260 2414 1331 2445 seq.
1339 2428 1349 2445 ‚
1389 2402 1524 2444 Teuffel
1547 2403 1626 2436 nist.
1648 2402 1714 2435 litt.
1740 2400 1772 2444 §-
1787 2400 1879 2443 444).

441 2492 557 2538 7788
601 2503 857 2547 (instrumenta
883 2505 1104 2546 chirurgica,
1129 2506 1225 2538 incer
1248 2506 1320 2538 duo
1343 2505 1543 2547 volumina)
1569 2494 1606 2534 d.
1628 2506 1680 2536 m.
1707 2493 1714 2548 Ι
1741 2494 1784 2534 P.
1805 2494 1915 2535 Aelio
1939 2493 2007 2534 Pio
2028 2490 2037 2548 Ι

329 2561 517 2603 Curtiano
550 2558 557 2616 Ι
592 2562 758 2610 medico,
794 2563 920 2602 amico
956 2560 962 2616 Ι
997 2562 1099 2602 bene
1130 2563 1283 2612 merito,
1317 2561 1324 2617 Ι
1360 2564 1405 2602 Α.
1435 2562 1592 2603 Curtius
1623 2561 1827 2614 Crispinus
1852 2561 1859 2617 Ι
1885 2563 2040 2603 Arrun-

330 2630 461 2670 tianus
471 2630 495 2670 ¹.

445 2697 560 2740 Prope
583 2697 771 2730 Praeneste
801 2707 874 2739 rep.
913 2695 1013 2736 (XIV
1034 2699 1127 2731 3030
1158 2697 1234 2729 vidi
1241 2706 1255 2739 ‚·
1290 2697 1498 2741 anaglypha
1529 2700 1813 2740 repraesentavit
1837 2699 1932 2733 Jahn
1956 2698 2038 2733 Ber.

329 2754 446 2788 sactes.
466 2753 542 2789 Ges.
560 2753 593 2787 d.
613 2753 719 2788 Wiss.
736 2754 791 2794 43,
809 2753 891 2787 4864
911 2755 979 2786 tab.
993 2752 1044 2787 IX
1058 2753 1127 2798 40).
1145 2772 1190 2778 -
1217 2755 1249 2796 1)
1271 2754 1366 2787 Idem
1382 2755 1486 2788 homo
1502 2755 1692 2798 Aspendiis
1707 2757 1746 2788 in
1762 2754 1878 2799 Lycia
1899 2757 2039 2799 parem

332 2811 466 2843 theatri
490 2810 696 2850 aedificavit
719 2810 794 2851 (III
812 2810 911 2852 254).
958 2809 1055 2843 Idem
1078 2813 1300 2844 memoratur·
1323 2811 1413 2845 XIV
1428 2812 1528 2845 2695.
1576 2811 1748 2845 Fortasse
1776 2823 1843 2855 per
1867 2821 1946 2846 eun
1969 2822 2038 2845 me-

331 2866 433 2899 dicus
457 2866 518 2899 ille
541 2868 720 2900 civilatem
745 2868 788 2900 ab
816 2867 1001 2901 Hadre‘ano
1026 2869 1241 2911 impetravit,
1270 2870 1304 2900 et
1327 2868 1407 2900 ideo
1433 2867 1626 2902 Cur-cianus
1651 2868 1724 2902 dici
1748 2868 1873 2903 voluit.

443 2969 557 3016 7789
592 2971 635 3012 C.
658 2940 893 3025 Calpurnius
910 2940 1197 3026 asclaepiadeffi
1227 2973 1351 3014 Prusa
1372 2973 1417 3013 ad
1442 2972 1652 3026 Olympum
1665 2974 1690 3022 ¹,
1722 2974 1909 3022 medicus,
1938 2972 1945 3027 Ι
1969 2942 2038 3026 μζ

330 3038 513 3080 rentibus
534 3044 574 3080 et
587 3039 661 3080 sibi
684 3046 723 3081 et
739 3040 927 3081 fratribus
943 3041 1118 3082 civitates
1130 3040 1218 3081 Vll²
1237 3053 1258 3081 a
1279 3041 1367 3082 divo
1384 3041 1553 3082 Traiano
1573 3039 1579 3097 Ι
1598 3042 1832 3096 impetravit,
1853 3048 1969 3082 natus
1984 3041 2037 3081 lu

332 3121 429 3150 non.
461 3108 572 3149 Mart.
604 3107 826 3150 Domitiano
856 3109 945 3149 Xlll
976 3110 1085 3157 cos.’‚
1125 3110 1260 3150 eadem
1291 3110 1353 3150 die
1379 3111 1386 3160 Ι
1421 3110 1522 3162 quo⁴
1552 3116 1592 3150 et
1621 3122 1722 3150 uxor
1752 3111 1837 3151 eius
1869 3110 2037 3150 Veronia
