2196 3412
296 242 379 281 ‘144
1037 238 1157 283 Caput
1178 235 1259 274 XV.

295 358 380 399 eius
416 368 530 409 ergaa
548 362 634 403 (tie)
670 367 744 395 nos
779 354 903 408 pietas
940 360 980 393 et
1017 358 1151 393 nostra
1190 363 1284 404 erga
1321 363 1407 392 eam
1445 349 1642 408 volluntas
1681 351 1837 406 publica
1877 351 1996 393 etiam

294 425 518 467 visionem¹¹
549 423 837 476 conspicatum
868 421 1037 461 tabulam
1059 417 1236 472 quoique
1257 420 1537 473 patrocinalem
1558 420 1600 460 in
1620 419 1738 460 domo
1758 420 1843 461 eius
1862 419 1995 474 adfigi.

414 490 589 525 Volsiniis
617 501 692 532 rep.
716 500 749 522 a.
777 488 867 522 ¹882
896 491 935 520 in
958 487 1149 520 ruderibus
1179 487 1323 520 aedium
1352 488 1484 520 aetatis
1506 485 1703 528 nonme,
1733 487 1854 520 cabula
1884 497 1999 520 aenea

295 547 365 587 (xl
385 548 474 582 2702
499 547 590 580 vidit
612 546 824 584 Bor-mann).
847 563 893 569 —
918 545 951 586 1)
974 544 1019 578 A.
1030 554 1069 586 p.
1089 544 1171 578 Chr.
1187 544 1257 577 224
1281 542 1371 586 (cos.
1396 543 1605 577 vocabulum
1628 542 1841 577 collocatae·
1863 545 1903 576 in
1924 542 2000 584 fine

295 615 416 638 mnu
436 603 577 647 primi).
606 621 652 627 -
687 603 722 644 2)
747 600 1045 645 omenquermata.
1073 619 1120 625 —
1148 602 1182 642 3)
1206 592 1549 641 Q-—Qt-Bt-t-nzn
1579 610 1651 633 aa.
1684 617 1731 624 —
1764 601 1801 642 4)
1830 599 1999 643 Pru-tpi-

295 662 395 702 laris,
419 663 475 693 vlr-
497 659 675 701 egregius.
703 676 749 683 —
785 659 820 700 5)
844 657 922 693 Ser.
946 657 1141 701 collegium.
1172 675 1216 682 —
1252 659 1287 699 6)
1310 655 1495 691 Nostrum.
1522 675 1569 681 —
1602 658 1639 698 ¹1)
1660 655 1784 690 Bonae
1804 657 1999 691 mortae

294 719 376 751 viri.
399 735 444 741 —
468 717 503 759 8)
527 715 621 758 Ouid
643 715 687 748 ὼ
710 726 752 748 ea
775 725 817 748 re
836 714 920 756 fieri
937 714 1115 759 placeret,
1138 715 1301 748 uniuersi
1322 716 1375 747 lla
1398 715 1622 747 annuerunt
1646 731 1692 738 -
1714 713 1750 755 9)
1771 710 1936 748 Nostros.
1951 731 1995 738 -

296 774 351 814 10)
374 771 452 806 Ser.
476 771 724 835 praeditam?
712 790 758 797 —-
749 772 855 836 11)
865 770 1023 805 Visum.

406 862 522 910 7218
558 877 735 955 (protento
752 874 933 908 Minervae
944 874 1113 917 galeataf
1138 874 1301 918 Medusa)
1327 862 1370 904 L.
1386 863 1539 904 Valerio
1556 863 1723 904 naximo
1745 868 1785 903 et
1804 861 1855 903 H.
1872 862 1998 904 Acilio

294 931 520 988 Glabriolne
545 934 641 973 cos.¹
687 946 783 973 non.
806 933 901 981 lan„
927 932 935 985 Ι
961 932 1117 973 colonia
1139 931 1234 972 lulia
1257 931 1408 973 Felicae
1428 931 1606 980 Pisauro‚
1636 931 1676 972 in
1707 930 1842 971 schola
1870 930 1967 972 deae
1989 933 1998 986 Ι

295 1001 468 1042 minerve
491 1003 590 1054 Aug.
622 1001 697 1042 col.
728 1000 844 1041 fabr.¹¹
873 1000 1047 1053 collegae
1077 999 1263 1056 univerlsi
1291 1006 1582 1042 convenerunt.
1628 999 1676 1047 Q.
1698 1012 1737 1039 u.
1758 1011 1794 1040 c.
1814 998 1868 1043 ι’
1895 998 2000 1040 facta

294 1075 407 1109 sunt:
434 1067 441 1124 Ι
468 1069 584 1122 plena
607 1068 795 1121 obsequia
825 1069 970 1110 amoris
1000 1069 1153 1110 numeri
1187 1069 1311 1110 nostri
1341 1069 1382 1109 in
1404 1068 1617 1109 claritatem
1639 1066 1780 1108 domus
1803 1068 1813 1119 Ι
1839 1066 1999 1108 Petroni

294 1136 485 1177 Victorini
517 1149 551 1179 c.
583 1137 626 1177 i.⁴
661 1137 819 1190 patroni
851 1137 976 1178 nostri
1014 1137 1276 1178 demonstrari
1314 1136 1531 1190 gloriosum
1561 1142 1637 1184 est,
1675 1135 1824 1189 quippe
1861 1147 1952 1176 cum
1988 1131 1998 1191 Ι

294 1205 470 1257 dignatio
509 1202 621 1262 [eJius
651 1205 690 1245 iu
724 1204 910 1246 omnibus
947 1218 1072 1258 prona
1104 1212 1308 1258 provocet,
1348 1212 1391 1246 ut
1419 1211 1460 1245 et
1487 1204 1663 1245 Setinam
1696 1203 1839 1244 lustam
1877 1215 1913 1244 c.
1941 1202 1998 1252 12⁸,

295 1271 517 1327 coniulgem
553 1273 651 1322 eius,
691 1273 1009 1326 incomparabilis
1040 1274 1265 1327 pudicitiae,
1304 1273 1475 1326 plurimo
1506 1283 1674 1313 numero
1711 1271 1883 1312 filiorum
1911 1271 2000 1325 glo-

295 1341 475 1390 dantem,
506 1341 554 1382 de
580 1338 587 1394 Ι
613 1353 782 1395 quorum
812 1354 958 1394 genere
987 1354 1077 1382 cum
1098 1347 1224 1382 aetate
1253 1353 1391 1382 eorum
1422 1340 1565 1381 crescit
1585 1340 1760 1387 felicitas,
1790 1345 2000 1393 patronam

296 1408 412 1450 nobis
437 1406 444 1463 Ι
470 1410 661 1462 cooptari,
694 1409 921 1450 Petronium
952 1422 1112 1462 quoque
1142 1409 1338 1449 Aufidium
1361 1408 1605 1449 Victorinum
1636 1407 1738 1448 iun.⁸
1765 1408 1851 1461 pari
1880 1406 2001 1448 modo

295 1475 424 1532 siculti
464 1484 503 1518 et
543 1478 713 1518 maiores
751 1478 892 1518 fratres
930 1478 1015 1519 eius
1053 1490 1112 1518 cc.
1144 1477 1227 1530 pp.'¹
1263 1476 1381 1517 abere
1412 1489 1487 1517 nos
1525 1476 1566 1517 in
1597 1488 1765 1516 numero
1794 1475 1999 1526 laetamur,

295 1557 385 1586 eum
416 1557 574 1598 quoque
614 1543 621 1598 Ι
661 1551 886 1598 cooptatum
918 1552 1128 1599 patronum
1168 1557 1297 1598 prono
1328 1556 1527 1585 consensu
1562 1543 1733 1585 adscribi
1761 1543 1924 1597 gloriae,
1961 1549 2004 1586 et

295 1626 342 1654 ex
374 1613 448 1653 hoc
476 1613 660 1665 gaudium
693 1613 779 1653 nn!
802 1610 811 1668 Ι
836 1613 1086 1666 amplificam
1132 1612 1310 1666 placere:
1351 1624 1423 1665 pro
1451 1612 1611 1665 generis
1640 1612 1816 1653 claritate
1844 1623 2000 1666 proque

295 1682 491 1723 senatoria
512 1680 734 1734 dignitatis’
758 1681 764 1735 Ι
792 1678 983 1739 [PetrJoni
1004 1680 1193 1721 Victorini
1225 1692 1260 1721 c.
1281 1679 1335 1728 i.⁴‚
1366 1680 1479 1722 cuius
1508 1679 1796 1733 inconparabili
1825 1681 2003 1722 amore¹⁰

296 1749 393 1791 etin
418 1761 626 1790 numerum
658 1756 837 1790 nostrum
867 1746 1147 1804 diglnatione¹¹
1178 1748 1270 1788 licet
1288 1748 1470 1801 impares,
1500 1753 1629 1788 tamen
1652 1747 1845 1801 obsequio
1869 1747 2001 1802 digni-

296 1817 365 1857 tati
395 1817 480 1857 eius
511 1817 549 1857 in
582 1816 768 1858 omnibus
796 1823 983 1870 parentes
1017 1813 1025 1871 Ι
1061 1828 1136 1856 nec
1165 1815 1303 1868 aliquit
1332 1815 1668 1868 pretermittentes
1706 1828 1835 1868 prono
1866 1816 2000 1859 auimo

296 1891 336 1925 et
365 1891 455 1924 voto
487 1896 756 1937 properamus,
787 1897 877 1925 cum
908 1890 949 1925 et
978 1884 1153 1924 Setinam
1180 1881 1187 1938 Ι
1215 1882 1357 1923 lustam
1390 1894 1424 1923 c.
1456 1883 1482 1923 l'.
1513 1883 1724 1936 coniugem
1753 1884 1838 1926 eius
1866 1890 2003 1938 patro·

299 1964 388 1992 nam
420 1958 480 1993 set
509 1958 548 1993 et
580 1948 874 2009 Pe[t]ron[ae']um
905 1952 1102 1993 Aufidium
1123 1951 1367 1991 Victorinum
1393 1949 1400 2005 Ι
1426 1950 1508 1991 iun.
1542 1950 1664 1991 fllium
1695 1964 1847 2002 eorum,
1883 1953 2002 1994 sicuti

298 2025 339 2060 et
368 2020 507 2060 fratres
536 2020 633 2068 eius,
672 2027 884 2073 patronum
916 2020 1002 2061 nn.⁸
1040 2026 1247 2073 cooptasse
1278 2032 1352 2060 nos
1385 2031 1457 2072 per
1485 2017 1701 2075 decreltum
1738 2020 2000 2071 insinuamus,

299 2086 405 2140 quod
437 2087 571 2128 offerri
602 2088 658 2129 eis
682 2100 754 2141 per
774 2088 874 2141 qq.¹²
903 2088 988 2129 nn.¹
1017 2095 1078 2128 set
1106 2095 1145 2128 et
1175 2087 1366 2140 plurimos
1396 2087 1565 2140 collegas
1593 2088 1788 2141 placuisse
1813 2087 1822 2142 Ι
1846 2089 2002 2143 hocque

298 2155 566 2196 testimonium
597 2156 716 2196 incidi
747 2156 787 2196 in
810 2155 981 2197 tabulam
1012 2167 1173 2196 aeneam
1204 2162 1244 2196 et
1272 2167 1391 2207 quam
1420 2155 1592 2208 primum
1622 2156 1679 2197 eis
1698 2156 1833 2198 offerri
1861 2157 1966 2199 utin
1993 2153 2003 2214 Ι

299 2222 461 2275 plenum
502 2223 777 2275 intellegentes
815 2236 988 2265 amorem
1029 2224 1182 2264 numeri
1222 2225 1347 2264 nostri
1384 2229 1573 2277 perpetua
1617 2224 1741 2276 gloria
1776 2236 1920 2266 ornare
1962 2231 2004 2267 et.

301 2288 443 2346 solvere
474 2304 547 2331 uos
576 2291 812 2343 dignetur-¹⁸.
839 2292 845 2346 Ι
873 2292 1060 2333 Censuer.

415 2357 557 2391 Pisauri
579 2369 653 2401 rep.
678 2360 772 2392 inter
794 2359 927 2392 rudera
952 2358 1111 2398 aedificii
1133 2357 1297 2399 Romani,
1324 2358 1446 2391 tabula
1471 2368 1583 2391 aenea
1605 2357 1797 2402 fastigiata
1821 2358 1891 2403 (XI
1908 2360 2004 2396 ssu

302 2412 393 2446 uidit
420 2412 630 2456 normann).
666 2433 709 2439 —
747 2415 779 2457 1)
803 2417 847 2450 A.
869 2416 948 2449 256.
982 2433 1029 2439 —
1064 2416 1098 2456 2)
1124 2414 1275 2457 Collegit
1298 2413 1453 2453 fabrum.
1488 2433 1533 2440 —
1568 2416 1603 2458 8)
1629 2415 1732 2458 Quod
1751 2418 2004 2451 uniemur-m

302 2479 472 2503 consensu
496 2472 611 2505 verba.
627 2489 672 2496 —
695 2473 730 2513 4)
756 2471 954 2506 Clarissimi
969 2472 1118 2505 iuvenis.
1134 2489 1180 2495 —
1204 2473 1238 2513 5)
1264 2470 1506 2505 Clarissimum
1520 2470 1703 2512 seminam.
1719 2492 1765 2499 —
1788 2474 1824 2516 6)
1844 2471 2003 2508 Noniae

304 2526 491 2559 ostendunt
514 2526 608 2560 hune
630 2538 704 2560 esse
722 2528 912 2561 oriundum
936 2529 979 2560 ab
997 2526 1143 2568 Aufidio
1161 2526 1347 2561 Victorino
1364 2527 1505 2561 consula
1521 2529 1651 2561 iterum
1670 2540 1705 2565 a.
1720 2530 1790 2565 188
1807 2527 1875 2574 (of.
1888 2539 2001 2574 supra

303 2581 347 2616 N.
363 2582 451 2617 uss
466 2586 539 2617 not.
555 2583 609 2628 δ’),
633 2594 735 2627 quem
752 2583 998 2616 Pisaurensem
1014 2582 1127 2623 fuisse
1142 2583 1267 2617 eicutm
1283 2582 1329 2618 N.
1345 2584 1432 2618 uso
1451 2584 1680 2626 demonstrat,
1704 2589 1739 2619 et
1753 2585 1901 2628 Aufidio
1917 2585 2002 2622 Vio-

303 2640 423 2672 tortno
448 2640 591 2673 consule
614 2651 647 2675 a.
664 2641 740 2674 200.
764 2658 811 2665 -
846 2642 882 2682 7)
910 2640 1132 2675 clarissimos
1151 2649 1294 2682 pueros.
1319 2657 1363 2664 —
1400 2641 1434 2682 8)
1457 2639 1609 2674 Numeri
1630 2645 1758 2676 nostrl.
1780 2661 1828 2668 —
1860 2643 1896 2686 9)
1920 2642 2002 2679 Sor.

303 2692 479 2738 dignitate
495 2715 536 2721 -
560 2698 659 2773 10)
636 2697 779 2737 Annon·
804 2697 861 2737 11)
878 2696 1095 2739 'guatinum
1112 2714 1157 2721 -
1184 2697 1239 2737 12)
1260 2695 1556 2740 Quinquennales.
1571 2716 1613 2722 —
1641 2699 1695 2740 13)
1711 2697 1790 2733 Ser.
1806 2698 2001 2743 dignentur.

415 2799 527 2846 ’7219
585 2802 706 2854 impp.
687 2768 928 2842 Licinio
902 2768 1107 2842 Valeriano
1133 2800 1140 2855 Ι
1176 2802 1275 2853 Aug.
1298 2802 1388 2850 llll,
1419 2802 1571 2843 Licinio
1593 2803 1771 2845 Gallieno
1791 2806 1890 2858 Aug.
1910 2793 2001 2859 ΙΙΙΙ

305 2869 416 2915 co⁸.‚¹
461 2868 590 2909 idibus
628 2869 772 2910 Martis.
814 2868 820 2923 Ι
865 2869 978 2916 Quod
1015 2875 1199 2920 coeptum
1237 2869 1368 2910 studi¹
1405 2869 1588 2911 iuvenum
1629 2873 1637 2923 Ι
1676 2871 1898 2914 cultorum⁸
1938 2871 2003 2914 dei

307 2935 485 2977 Herculis
523 2938 690 2978 maiores
729 2935 735 2992 Ι
776 2936 998 2977 retulerunt
1036 2944 1244 2991 patronum
1283 2938 1591 2990 cooptandum⁴z
1633 2938 1640 2994 Ι
1681 2940 1771 2993 plue
1798 2951 2003 2993 speramus

307 3003 497 3045 beneficia
519 3003 701 3044 uberiora
726 3003 734 3058 Ι
760 3004 854 3057 poa·
882 3004 947 3044 ee·
975 3005 1279 3058 consequituros
1305 3006 1416 3045 cuius
1443 3005 1481 3046 in
1505 3005 1729 3060 praetelrito
1747 3016 1900 3047 summa
1916 3009 2002 3056 (ete)

306 3071 573 3126 dignationem
611 3071 824 3117 sensimus.
862 3078 899 3112 et
935 3070 1035 3125 idelo
1074 3080 1304 3125 cooptamus
1335 3072 1520 3114 Rutilium
1552 3074 1746 3115 Viator-em
1776 3070 2003 3129 paltronum

307 3152 397 3181 cum
428 3140 475 3182 ils
503 3140 570 3194 qui
602 3140 703 3180 infre
729 3152 759 3180 s.
781 3139 828 3180 εἶ’
859 3140 1028 3181 Nonium
1050 3138 1323 3196 Graltilianum
1344 3155 1379 3182 c.
1400 3142 1451 3181 v.⁸
1480 3149 1519 3183 et
1547 3141 1758 3194 Egnatium
1780 3141 2000 3184 Sanianum
