2190 3406
307 145 389 184 958
1018 145 1136 191 Caput
1158 145 1297 183 xvm.

953 259 1171 310 Vasoula
1204 259 1373 310 fictilia

630 338 791 383 (praeter
814 339 1067 382 antiquissima
1089 348 1201 382 supra
1223 348 1261 382 p.
1275 338 1307 372 4.
1322 339 1404 380 952,
1427 338 1529 379 infra
1551 349 1588 383 p.
1602 338 1698 383 986).

419 403 535 450 8603
593 406 638 445 A.
670 405 747 445 ‘riti
773 403 779 459 ι
807 405 931 457 figul.¹
1155 456 1160 462 ,

591 473 636 512 Α.
667 473 744 513 'riti
771 470 778 528 Ι
804 472 926 525 figul.¹
953 471 960 527 Ι
988 472 1135 513 Arret.⁸

420 540 463 572 In
487 539 642 572 vasculis
663 538 854 580 fictilibus,
884 539 1028 573 Arretii
1047 540 1273 583 potissimum
1297 542 1332 573 et
1357 538 1502 582 nomae,
1531 539 1595 573 sed
1616 541 1726 573 etiam
1749 538 1840 573 alibi
1862 539 2020 584 reperire

305 596 433 637 solitis,
455 596 665 638 impressum
682 593 859 640 (Romana
875 596 1036 638 exempla
1052 597 1278 630 enumeravit
1293 595 1438 630 Dressel
1450 595 1518 630 XV
1525 596 1613 630 5649
1621 595 1726 639 α-Ιι,
1748 596 1922 630 Arretina
1939 595 2019 631 Ilm

306 651 359 685 XI
371 651 467 693 6700,
484 652 561 692 688,
587 651 630 685 de
647 652 730 686 aliis
754 651 802 693 ef.
819 653 897 686 Ilim
921 652 945 688 l.
962 655 1021 695 e.).
1037 671 1081 677 —
1108 653 1140 695 1)
1165 652 1208 686 In
1224 652 1411 686 nonnullis
1425 651 1508 696 figu.
1532 671 1579 677 —
1602 653 1638 695 2)
1660 652 1704 686 In
1718 651 1905 687 nonnullis
1919 651 2017 687 Arre.

425 707 604 741 Vasorum
634 711 834 743 terreorum
857 710 1114 743 Arretinorum
1143 712 1357 743 mentionem
1385 708 1531 750 faciunt
1551 709 1692 742 Plinius
1713 710 1748 744 Ιι.
1763 719 1801 745 n.
1821 710 1881 751 55,
1896 708 1960 744 leo
1982 710 2019 742 et

306 763 494 797 Martialis
509 763 541 805 4,
556 765 616 807 55,
630 766 663 800 6.
687 765 739 809 44,
754 767 808 800 98.
856 767 917 800 Ea:
933 767 1074 810 ingenti
1087 777 1237 800 numero
1256 766 1454 810 figulorum
1469 766 1725 800 Arretinorum
1748 764 2018 811 (inscriptiones

306 820 531 863 collegerunt
545 821 690 855 Dressel
701 821 770 857 XV
782 823 872 857 4925
881 834 944 867 sq„
968 824 1045 857 Ihm
1060 822 1115 857 XI
1125 822 1227 868 6700)
1251 825 1429 866 originem
1445 823 1640 866 adscripsit
1654 821 1752 856 solus
1767 823 1828 857 hic
1840 822 1886 859 A.
1902 821 2019 857 naue

307 878 571 921 (scariphatum
593 879 701 912 semel
722 881 762 912 in
785 882 883 913 vasis
906 883 1073 924 marg-ine
1089 879 1209 914 Aretio
1233 880 1292 914 III
1310 879 1432 923 44245,
1447 879 1518 925 44),
1542 879 1649 923 figuli
1670 878 1884 913 vocabulum
1906 880 2019 914 etim

305 934 351 969 A.
371 934 497 968 Vibius
522 934 718 978 (XV-5755.
742 936 902 979 Χ16700,
918 937 1012 980 765).
1047 937 1194 971 Nudum
1218 937 1329 971 Arreti
1353 937 1408 970 vel
1430 936 1525 971 Arre.
1549 936 1761 970 vocabulum
1785 938 1837 970 est
1857 937 1898 970 in
1912 934 2018 980 frag-

306 992 433 1023 mentis
454 991 683 1025 vasculorum
699 993 858 1027 Puteolis
880 997 1106 1038 repertorum
1131 992 1166 1027 X
1183 995 1283 1038 8056,
1298 994 1317 1028 4
1343 993 1404 1039 (de
1419 994 1548 1037 quibus
1572 991 1620 1034 cll
1637 992 1742 1027 Zalm
1759 1003 1817 1037 ap.
1839 991 2021 1037 Wcogand

306 1047 435 1080 Priene
452 1057 491 1090 p.
507 1047 569 1081 444
582 1049 688 1094 not.).

419 1126 567 1173 86040.
614 1129 722 1170 Felix
749 1129 754 1186 Ι
782 1131 876 1171 fecit
902 1134 962 1170 vel
988 1129 1111 1186 Felilx
1139 1132 1215 1172 fec.

545 1194 571 1223 b
615 1199 752 1251 epoei¹
780 1198 786 1254 Ι
812 1199 934 1240 Felix.

421 1263 464 1296 In
487 1265 643 1298 vasculis
666 1264 798 1317 Rognae
821 1268 975 1309 repertis
1001 1265 1089 1310 (XV
1097 1266 1185 1300 5244
1196 1277 1228 1309 a,
1242 1268 1273 1307 b,
1288 1276 1307 1299 c
1329 1265 1506 1299 nonnulla
1529 1266 1622 1300 vidit
1643 1264 1813 1310 Dressel).
1834 1283 1882 1290 —
1918 1266 1952 1307 1)
1974 1264 2018 1299 In

307 1319 392 1353 aliis
406 1320 563 1353 vasculis
578 1320 711 1355 Romae
726 1324 761 1354 et
776 1324 815 1356 in
835 1322 1026 1356 Germania
1050 1324 1203 1367 repertis
1225 1326 1278 1356 est
1301 1320 1494 1367 Onesilmus
1514 1322 1520 1368 1
1542 1323 1620 1368 epoi
1638 1321 1724 1367 (XV
1733 1321 1885 1366 559841),
1910 1320 2015 1366 Eros!

308 1376 398 1420 epoi‚
424 1375 537 1421 Utilifls
561 1379 668 1421 ep0[i]
694 1383 756 1413 cet.
783 1378 886 1423 (XIII
907 1380 1025 1422 40009,
1042 1379 1114 1415 447.
1129 1379 1207 1423 546,
1239 1379 1339 1413 Riese
1365 1379 1497 1414 Westd.
1514 1379 1690 1415 Zeitscltr.
1707 1379 1794 1413 4902
1807 1389 1846 1422 p.
1861 1377 2018 1420 aasz.

306 1432 387 1474 245,
400 1432 455 1467 45.
478 1434 562 1476 252,
574 1433 622 1478 7).
671 1434 725 1475 (ΙΙΙ
749 1435 945 1469 Buecheler
969 1446 1079 1471 carm.
1097 1437 1283 1480 epigr-aph.
1307 1447 1343 1471 n.
1359 1436 1444 1470 4099
1468 1446 1548 1470 cum
1571 1436 1657 1472 add.
1678 1447 1714 1480 p.
1729 1436 1809 1470 858.

417 1512 562 1559 8605“
598 1515 850 1557 Mommonis.

538 1579 563 1608 b
598 1584 667 1624 of.¹
698 1584 885 1625 Mommo.

539 1654 559 1676 ⁰
600 1653 670 1692 os.¹
700 1653 845 1693 Momo.

411 1716 454 1749 In
467 1718 623 1751 vasculis
634 1718 807 1759 fictilibus
824 1724 897 1753 tam
909 1722 1051 1754 ornatis
1064 1730 1172 1763 quam
1186 1723 1318 1754 ornatu
1335 1720 1540 1753 carentibus
1555 1720 1707 1762 repertis
1718 1719 1758 1751 in
1773 1716 1892 1752 Gallia
1902 1717 2018 1761 potis-

305 1774 446 1815 simum,
461 1774 525 1807 sed
540 1777 574 1807 et
589 1775 672 1809 aliis
687 1776 810 1810 multis
826 1776 926 1820 locis,
949 1780 990 1811 in
1004 1777 1199 1811 Britannia
1216 1777 1391 1820 Hispania
1407 1775 1538 1816 Africa
1554 1776 1639 1808 item
1654 1774 1718 1808 sed
1731 1785 1820 1808 raro
1835 1772 1968 1808 Rome
1982 1776 2020 1807 et

305 1829 496 1872 Pompeiis,
525 1833 686 1866 maoeimo
717 1837 836 1867 autem
863 1844 1013 1867 numero
1046 1834 1124 1868 loco
1157 1834 1252 1868 dicto
1285 1832 1554 1876 Graufesenque
1584 1833 1763 1866 territorii
1784 1829 2018 1872 Rutenorum,

305 1887 369 1919 ubi
392 1889 427 1919 et
447 1885 590 1926 formae
611 1888 742 1932 fidiles
764 1890 884 1923 eodem
900 1892 1044 1924 nomine
1067 1893 1265 1933 inscriptae
1281 1893 1444 1934 repertae
1458 1891 1542 1922 sunt
1565 1891 1600 1922 et
1621 1888 1868 1931 scariphatum
1882 1885 1960 1928 suit
1976 1888 2018 1921 in

306 1943 462 1976 vasculis
491 1943 584 1977 idem
615 1955 744 1979 nomen
776 1945 881 1987 (XIII
894 1947 1012 1990 40040,
1027 1947 1124 1982 4574.
1155 1947 1227 1982 XI!
1238 1948 1339 1989 5686,
1353 1948 1428 1982 600.
1443 1946 1523 1981 602.
1550 1945 1622 1980 VI!
1634 1945 1736 1986 4556,
1751 1944 1831 1980 724.
1845 1943 1927 1980 722.
1950 1942 2026 1979 XV

304 1999 408 2035 5555.
436 2000 473 2034 Χ
484 2002 582 2045 8055,
600 2002 656 2037 27.
682 2003 719 2036 II
733 2004 829 2046 4970,
843 2005 926 2039 550.
952 2004 1181 2048 1411122645,
1196 2005 1286 2046 244,·
1319 2001 1521 2037 ΒόσΙιοΙσιισ
1544 2013 1646 2036 vases
1674 1999 1895 2045 cit-amiqua
1917 2000 1962 2035 de
1981 1999 2017 2035 la

309 2056 420 2091 Gaule
443 2057 463 2090 I
479 2068 519 2101 p.
534 2060 590 2093 80.
604 2060 660 2094 99.
677 2060 746 2093 287
751 2072 766 2101 ,·
789 2060 933 2093 Hermet
948 2059 1065 2094 Revue
1080 2058 1234 2097 archeol.
1250 2062 1335 2097 4904
1358 2061 1380 2094 Ι
1397 2071 1434 2104 p.
1449 2060 1491 2094 76
1498 2061 1599 2103 seq.).
1624 2077 1670 2084 —
1696 2059 1728 2101 1)
1755 2056 1926 2100 Officina.

419 2114 677 2158 Inscriptiones
699 2117 928 2150 vasculorum
946 2115 1167 2153 Gallicorum
1191 2120 1390 2162 composuit
1411 2116 1515 2151 Bolm
1540 2115 1626 2151 CIL.
1642 2114 1734 2149 XIII
1748 2117 1848 2159 part.
1860 2115 1939 2158 51).
1953 2112 2019 2148 449

304 2172 429 2207 -428,
464 2171 519 2205 De
542 2172 630 2206 locis
653 2175 688 2206 et
711 2172 882 2216 officinis,
906 2175 971 2207 ubi
993 2174 1139 2218 singula
1159 2184 1298 2217 genera
1322 2185 1447 2208 eorum
1470 2171 1571 2214 faeta
1594 2172 1680 2214 sint,
1704 2173 1873 2205 accurate
1895 2170 2016 2214 dispu-

307 2229 400 2261 tavit
420 2226 620 2262 Declzeletle
643 2240 744 2263 vases
760 2228 980 2273 ceramiques
996 2230 1038 2264 de
1055 2231 1090 2264 la
1110 2230 1221 2264 Gaule
1239 2231 1354 2271 (4904)
1376 2230 1392 2264 1
1404 2241 1440 2273 p.
1455 2230 1511 2264 28.
1526 2230 1570 2263 65
1576 2240 1648 2272 seq.
1664 2227 1803 2271 mem,
1818 2226 1969 2270 458309.

418 2307 565 2354 8606“
600 2314 818 2365 Apollinar.
845 2310 853 2368 Ι
879 2313 1004 2353 cera'.

539 2374 564 2404 ¹²
603 2376 870 2436 [ApJollinaris
899 2393 1003 2421 cera.

539 2449 560 2471 o
602 2447 744 2489 Felicis
774 2462 877 2491 cera.

538 2511 564 2540 ἅ
599 2528 689 2555 cera
720 2516 874 2557 Felicis.

537 2584 559 2608 θ
598 2580 763 2640 Latin[i]
792 2582 798 2638 Ι
824 2584 950 2625 cera⁸.

421 2648 463 2681 In
486 2648 704 2693 fragmentis
727 2652 954 2685 vasculorum
979 2653 1014 2684 et
1038 2650 1257 2693 lamnarum
1281 2647 1459 2691 fictilium,
1488 2648 1641 2691 repertis
1664 2648 1703 2680 in
1730 2645 1849 2681 Gallia
1872 2644 2016 2680 Nau-so-

307 2706 410 2737 nensi
431 2704 672 2750 (potissimum
696 2708 796 2752 apud
817 2707 1012 2752 Viennam)
1044 2710 1079 2741 et
1098 2717 1210 2751 prope
1234 2705 1474 2748 Lugdunum.-
1503 2705 1759 2748 inscriptiones
1782 2703 1955 2747 leguntur
1974 2702 2016 2736 in

308 2759 432 2803 clipeis
461 2764 629 2797 rotundis
659 2775 765 2808 opere
795 2765 1003 2810 anaglypho
1029 2764 1170 2798 ornatis
1203 2764 1266 2806 qui
1289 2761 1443 2795 vasculis
1473 2760 1532 2794 vel
1561 2760 1707 2804 lag-unis
1738 2760 1890 2794 immissi
1912 2761 2017 2793 erant

310 2816 397 2858 (XII
407 2819 506 2862 5687,
521 2822 555 2855 9.
571 2822 622 2856 47.
638 2821 691 2863 48,
714 2822 836 2866 plures
852 2822 915 2856 dat
931 2820 1119 2861 Villelosse
1141 2829 1250 2853 revue
1265 2816 1525 2862 ipigraplnique
1549 2818 1618 2854 vol.
1632 2819 1668 2860 5,
1683 2815 1806 2862 490514
1818 2814 2014 2861 pai-62.

307 2874 441 2909 68-78
464 2875 511 2916 cll
534 2888 570 2920 p.
586 2879 640 2921 86,
665 2878 798 2912 Mowat
820 2880 866 2915 ib.
882 2879 1098 2923 P.438seq.;
1121 2875 1171 2917 ef.
1195 2878 1301 2909 etiam
1325 2872 1524 2908 Dii-natoue
1548 2886 1646 2908 vases
1667 2872 1890 2918 cdv-antiques
1910 2870 1955 2907 de
1978 2870 2014 2906 la

310 2930 424 2966 Gaule
440 2932 477 2966 II
487 2944 525 2977 p.
541 2935 621 2969 255.
634 2936 716 2971 285.
727 2936 807 2971 286.
818 2936 896 2971 504.
907 2934 1006 2980 504).
1029 2953 1074 2960 -
1099 2935 1133 2975 1)
1157 2931 1398 2976 Significatur
1412 2930 1570 2972 somam
1587 2940 1737 2972 ceream,
1759 2940 1807 2963 ex
1822 2938 1894 2974 qua
1908 2926 2016 2972 etipse*

309 2989 503 3035 anaglypti
526 2993 687 3035 expressi
710 2995 831 3035 erant,
860 2990 999 3033 saetam
1022 2990 1136 3032 fuisse
1158 2991 1202 3023 ab
1226 2988 1438 3032 Apollinare
1460 2987 1529 3034 (sic
1552 2990 1646 3022 recte
1669 2986 1856 3022 Froelmer
1876 2980 2015 3019 Πυθέω

310 3044 353 3079 ‘1⁰
367 3050 511 3084 Franee
532 3059 569 3093 p.
583 3048 661 3088 55).
708 3049 856 3083 Praeter
879 3050 973 3082 liene
996 3046 1150 3089 artificis
1179 3049 1304 3080 nolam
1327 3056 1430 3089 saepe
1453 3045 1626 3088 leguntur
1648 3045 1689 3078 in
1713 3042 1839 3087 clipeis
1860 3040 1936 3076 iliis
1956 3042 2013 3075 in-

2163 1294 2167 1301 r

2168 1738 2175 1757 Γ.
