2190 3406
349 176 433 218 934
1075 175 1193 222 Caput
1215 174 1331 211 XVII.

461 291 573 338 8431
626 288 876 347 Callistian[o]
905 289 911 344 Ι
938 290 1115 330 consorti
1141 289 1148 345 Ι
1173 295 1285 331 actus
1305 295 1345 331 et
1363 289 1517 346 anilmi,
1549 287 1734 346 Callist[e]
1762 288 1768 343 Ι
1795 295 1835 330 et
1854 289 2020 331 Hedone
2041 286 2050 346 Ι

348 362 385 401 fr
410 361 460 401 tri
490 361 530 401 b.
561 372 612 399 m.

386 374 407 402 ἃ
463 426 594 461 Romae
618 426 690 470 (VI
712 426 818 460 ‘4095
842 427 895 458 bis
919 425 1098 468 descripta
1121 435 1212 458 saec.
1238 424 1313 459 XV.
1338 424 1451 466 XVI).

460 507 577 554 8432
633 510 678 548 Α.
709 508 893 548 Memmio
923 507 1037 548 claro
1065 506 1070 563 Ι
1106 509 1151 548 Α.
1182 507 1389 548 Memmius
1419 506 1603 548 Urbanus
1635 505 1641 562 Ι
1673 506 1912 555 conliberto,
1950 506 2052 547 idem

350 577 525 618 consorti
565 574 571 631 Ι
612 576 814 616 carissimo
845 576 932 616 sibi.
975 575 982 630 Ι
1022 576 1132 616 luter
1162 588 1224 619 me
1255 581 1294 615 et
1326 582 1378 622 te,
1408 574 1654 615 sanctissime
1683 575 1737 615 mi
1774 572 1781 629 Ι
1819 563 2054 623 conliberte,

350 645 501 685 nullum
540 656 715 696 unquam
758 642 765 699 Ι
804 644 1035 696 disiurgium
1066 644 1186 685 fuisse
1224 643 1408 684 conscius
1449 640 1455 696 Ι
1494 654 1580 683 sum
1611 642 1720 682 mihi.
1780 642 1866 683 Hoc
1895 654 2056 695 quoque

349 712 463 753 titulo
490 709 497 766 Ι
523 725 691 765 superos
722 720 761 752 et
791 713 942 753 inferos
971 716 1096 753 teStor
1125 712 1232 760 deos,
1275 709 1281 765 Ι
1320 714 1399 752 una
1432 723 1496 751 me
1526 717 1656 751 tecum
1695 722 1953 763 congressum
1979 709 1988 765 Ι
2013 711 2054 751 in

349 781 552 830 venalicio,
592 784 670 822 una
710 781 828 821 domo
867 780 1014 821 liberos
1052 779 1058 834 Ι
1101 792 1187 820 esse
1226 781 1367 827 factos,
1407 791 1536 831 neque
1575 778 1680 819 ullus
1717 791 1895 832 unquam
1933 776 1942 835 Ι
1981 791 2056 820 nos

350 849 570 890 diunxisset
600 849 675 890 nisi
706 849 770 889 hic
801 855 893 889 tuus
919 847 924 903 Ι
953 848 1080 888 fatalis
1109 848 1205 888 dies.

463 915 594 950 Romae
618 917 666 950 ad
688 917 843 959 Appiam
867 916 964 948 viam
988 927 1074 957 rep„
1098 919 1150 948 est
1177 915 1361 949 Cusercoli
1385 914 1455 958 (VI
1475 916 1596 949 22355
1603 920 1617 937 ⁸
1643 914 1735 947 vidit
1756 912 1967 958 Mar-inim).

462 996 577 1043 8433
635 998 694 1038 dis
724 1010 775 1036 m.
806 1011 838 1038 s.
867 995 873 1051 Ι
899 998 943 1038 L.
966 997 1120 1038 Cassius
1150 997 1194 1037 L.
1216 997 1270 1036 fil.
1291 996 1402 1043 Quir.
1426 994 1607 1052 Fausfftus
1637 997 1710 1036 vix.
1731 995 1848 1036 annis
1867 994 2023 1044 xum,
2045 991 2055 1051 Ι

350 1067 470 1107 homo
502 1066 633 1106 bonus
662 1065 782 1106 rebus
812 1064 1093 1120 holminibusq.
1124 1061 1474 1119 pernecessa'rius,

680 1146 799 1186 quem
831 1134 986 1186 quaerit
1014 1132 1174 1187 paltriae
1210 1134 1402 1174 maximus
1436 1133 1498 1173 hic
1525 1132 1531 1187 Ι
1559 1132 1743 1185 populus,

680 1209 784 1242 terra
815 1202 912 1254 tegit
942 1199 1059 1256 fenix,
1090 1202 1158 1241 lux
1187 1207 1306 1242 attem
1326 1202 1424 1250 (eie)¹
1457 1201 1611 1253 ingrata
1638 1201 1644 1252 Ι
1671 1200 1784 1251 reliq.

350 1271 394 1311 L.
426 1271 483 1312 C?
511 1270 558 1310 E.
588 1271 676 1310 frat.
706 1282 746 1322 p.
776 1282 815 1322 p.

465 1337 723 1371 Ammaedarae
748 1336 854 1382 (VIII
865 1338 947 1372 552.
963 1336 1072 1370 {4572
1097 1337 1189 1369 vidie
1214 1335 1383 1381 Cogunt).
1430 1335 1624 1370 Buecheler
1648 1345 1757 1368 carm.
1774 1335 1890 1377 epigr.
1905 1344 1941 1367 n.
1954 1333 2058 1369 1239.

350 1414 395 1421 —-
422 1396 454 1438 1)
479 1395 616 1428 Autem.
639 1413 685 1419 -—
710 1396 744 1437 2)
773 1395 924 1429 Cassius.

463 1454 579 1520 8434
636 1472 853 1527 (1.ιιι.ε.1
886 1475 930 1515 L.
963 1454 1155 1515 Caecilius
1172 1454 1227 1514 L.
1243 1453 1302 1515 Ι.
1303 1453 1411 1527 Pap.
1418 1451 1656 1528 lullogatus
1672 1473 1775 1526 pius,
1802 1471 1809 1527 Ι
1843 1471 2060 1525 frugalissi-

351 1558 439 1586 mus
466 1543 471 1599 Ι
498 1551 620 1597 pater,
643 1543 849 1583 laudabilis
872 1542 877 1596 Ι
908 1549 1039 1583 sectae
1061 1543 1195 1591 homo,
1222 1541 1230 1597 Ι
1257 1543 1482 1595 integritate
1508 1542 1516 1592 Ι
1542 1541 1772 1582 innocentia
1798 1540 1804 1595 Ι
1832 1541 1921 1590 fide,
1941 1538 2060 1593 vixit!

352 1614 468 1654 annis
499 1611 655 1653 Lxxln
682 1609 688 1664 Ι
723 1624 828 1652 men.
856 1610 909 1652 XI
955 1612 991 1654 d.
1021 1611 1146 1660 Vllll,
1174 1611 1180 1666 Ι
1216 1612 1254 1651 h.
1285 1626 1316 1652 s.
1349 1625 1397 1657 e.,
1433 1609 1440 1666 Ι
1474 1610 1671 1651 constanti
1701 1610 1798 1658 viro,
1832 1608 1840 1663 Ι
1875 1608 2060 1661 Rogatia-

354 1695 429 1722 nus
456 1680 463 1735 Ι
489 1681 603 1721 filius.

476 1749 572 1783 Valli
603 1748 815 1790 provinciae
851 1746 1002 1787 Africae
1042 1745 1156 1786 (VIII
1186 1746 1276 1780 4288
1312 1743 1361 1785 cf.
1396 1756 1434 1789 p.
1458 1745 1543 1780 1457
1581 1745 1753 1778 viderunt
1788 1744 1993 1780 Wilmanm
2027 1746 2062 1777 et

354 1806 541 1867 Schmidt).

466 1864 580 1930 8435
639 1885 677 1925 d
709 1896 760 1924 m.
807 1881 813 1939 Ι
859 1862 1096 1936 Senipronio
1111 1861 1282 1923 Donato
1313 1861 1460 1926 homin
1503 1882 1509 1937 Ι
1530 1862 1832 1934 frugalissimo‚
1872 1882 2063 1935 quivixit

355 1952 485 2011 anlnis
515 1953 613 1994 LXV
645 1965 772 1993 mens.
794 1952 847 1992 ΙΙΙ
877 1951 971 1991 dies.
994 1951 1024 1989 V
1054 1951 1141 1991 hor.
1164 1950 1254 1998 Vll,
1290 1949 1297 2004 Ι
1330 1950 1444 1991 cuius
1475 1950 1688 2004 frugalitati
1718 1950 1834 1991 heres
1862 1948 2062 2005 maiximas

355 2023 499 2075 gratias
530 2028 631 2075 aget,
662 2021 829 2073 amplius
859 2017 1038 2074 merelnti
1070 2019 1186 2059 heres
1216 2019 1439 2059 honorabit.

471 2088 599 2122 Romae
624 2087 695 2131 (VI
715 2087 828 2121 26138
850 2090 904 2120 ter
927 2088 1112 2129 quatem-ve
1136 2086 1315 2128 descripta
1339 2096 1430 2119 mee.
1454 2084 1548 2119 XVI.
1572 2084 1708 2127 XVII).

468 2149 584 2214 8436
642 2181 675 2208 v.
680 2169 765 2210 ¹.C
787 2168 981 2221 Gargilius
1001 2147 1194 2215 Haemon,
1217 2166 1386 2215 Proculi,
1414 2164 1618 2222 {Philagri
1637 2167 1713 2207 divi
1734 2168 1834 2219 Aug.
1856 2167 1882 2207 Ι.
1903 2163 2064 2220 Agrip!-

358 2239 463 2292 piani
496 2238 549 2286 f.‚²
577 2237 583 2291 Ι
611 2237 871 2290 paedagogus,
902 2236 1005 2277 idem
1037 2237 1074 2283 1.,
1102 2234 1108 2289 Ι
1143 2235 1232 2288 pius
1263 2240 1303 2275 et
1331 2241 1504 2276 sanctus.
1544 2234 1551 2289 Ι
1592 2234 1676 2275 Vixi
1706 2246 1823 2287 quam
1855 2234 1922 2276 diu
1951 2234 2064 2287 potui

358 2307 444 2347 sine
475 2306 555 2354 lite,
584 2304 589 2358 Ι
615 2306 701 2346 sine
733 2306 832 2353 rixa,
865 2305 951 2345 sine
982 2304 1261 2350 controversia,
1289 2301 1295 2358 Ι
1322 2304 1407 2344 sine
1438 2315 1528 2344 aere
1558 2303 1706 2353 alieno;
1743 2302 1880 2343 amicis
1908 2301 2026 2343 fldem
2052 2299 2061 2357 Ι

360 2374 503 2414 bonam
525 2374 721 2426 praestiti;
751 2374 907 2426 peculio
934 2374 941 2423 Ι
967 2384 1131 2425 pauper,
1162 2372 1295 2412 animo
1327 2371 1589 2412 divitissimus.
1616 2370 1624 2423 Ι
1650 2371 1758 2411 Bene
1789 2370 1913 2411 valeat
1941 2370 1975 2411 is
1996 2371 2063 2423 qui

360 2443 435 2483 hoc
454 2448 537 2487 (sic)
567 2441 724 2482 titulum
752 2442 757 2494 Ι
784 2441 952 2494 perlegit
981 2440 1149 2481 meum'.

473 2508 603 2542 Romae
628 2510 666 2541 in
691 2512 919 2542 monumento
943 2509 992 2543 ad
1006 2510 1101 2541 viam
1117 2507 1379 2540 Nomentanam
1403 2515 1476 2548 rep.
1502 2504 1574 2548 (VJ
1586 2505 1675 2540 8012
1699 2505 1792 2538 vidie
1813 2505 1857 2538 de
1871 2504 2006 2550 Boni).
2020 2523 2067 2531 —

364 2568 394 2607 1)
423 2566 532 2600 Vivus
555 2567 603 2607 (v,
627 2567 666 2598 in
689 2567 854 2608 margine
878 2565 1076 2609 adscripta,
1101 2566 1194 2598 inter
1216 2564 1284 2597 υ.2
1303 2566 1335 2596 ot
1349 2563 1403 2606 3).
1426 2580 1471 2587 —
1496 2562 1531 2603 2)
1555 2561 1658 2596 Filii.
1688 2561 1863 2595 Proculus
1885 2563 1946 2596 Ιιίο
1966 2561 2067 2604 filine

361 2621 437 2661 fuit
460 2622 636 2665 Philagri,
668 2622 743 2655 divi
766 2622 926 2665 Augusti
949 2622 1086 2655 liberti:
1122 2620 1265 2654 videtur·
1288 2622 1479 2662 antequam
1507 2620 1613 2661 pater
1641 2620 1718 2652 eius
1742 2620 2065 2659 manumilemw,

364 2691 402 2712 ιη
419 2679 528 2712 uliam
546 2678 726 2719 familiam
744 2680 938 2721 transiisse,
963 2688 1042 2711 cum
1060 2677 1208 2711 liber-em
1231 2678 1308 2709 eius
1325 2675 1483 2718 Gar-gilii
1502 2674 1730 2717 gentilicium
1746 2676 1921 2711 habuerit.
1960 2675 2068 2709 Pater

363 2737 438 2768 εἰπε
462 2737 501 2768 in
525 2734 706 2774 familiam
729 2736 887 2778 Augusti
915 2735 1059 2768 videtur
1084 2734 1288 2778 pervenisse
1319 2743 1365 2765 σω
1394 2731 1589 2765 lior-eduma
1612 2733 1808 2776 Agrippae
1837 2734 1923 2765 tecle
1951 2731 2066 2766 «Ilm

364 2794 439 2825 eius
462 2794 614 2833 nomine,
639 2791 688 2832 εἶ’.
713 2803 823 2835 cupra
848 2792 893 2826 Ν.
910 2792 1004 2826 4778.
1028 2809 1073 2816 —-
1097 2792 1131 2831 3)
1159 2790 1290 2824 Versus
1306 2792 1358 2821 est
1372 2790 1559 2829 senardus,-
1582 2791 1690 2822 etiam
1714 2791 1752 2822 in
1774 2787 2067 2833 praevolantibus

364 2858 529 2881 versuum
554 2851 704 2890 vestigia
730 2851 915 2892 apparent.
968 2846 1023 2888 Cf.
1049 2846 1243 2881 Buecheler
1266 2856 1376 2879 carm.
1400 2849 1513 2888 epig-r.
1538 2846 1615 2881 434.

477 2926 590 2972 8437
647 2928 684 2968 d.
706 2942 755 2970 m.
784 2927 789 2983 1
818 2929 999 2970 Octaviae
1021 2925 1312 2983 Creslcentinae
1335 2940 1412 2980 que
1437 2926 1445 2981 Ι
1471 2928 1632 2980 antiqua
1658 2928 1732 2968 vita
1762 2924 1880 2981 vilxit,
1911 2926 2000 2967 ndei
2020 2938 2066 2966 ac

366 2993 605 3053 dililgentiae
634 2993 840 3052 [yr]aviss.‚
868 2996 875 3051 Ι
902 2996 943 3037 C.
965 2996 1045 3037 Val.
1077 2995 1283 3036 Ianuarius
1308 2993 1315 3049 Ι
1343 2996 1487 3036 coniux
1519 3008 1552 3036 c.
1585 2995 1638 3036 fil.
1671 2995 1708 3035 b.
1739 3007 1790 3036 m.
1821 2995 1848 3034 Ι.

480 3061 670 3095 Beneventi
701 3062 765 3106 (IX
788 3064 875 3098 4915
901 3067 955 3096 ter
979 3064 1156 3106 descripta
1181 3073 1271 3097 saec.
1294 3062 1388 3096 XVI.
1413 3062 1544 3106 XVII).

366 3119 491 3127 ———
