2196 3412
351 160 434 199 912
1071 160 1191 205 Caput
1211 159 1328 195 XVII.

349 276 530 328 perieris,
562 276 775 316 descensus
801 279 807 327 Ι
835 275 1067 315 dexterioris
1099 280 1222 327 parte,
1253 285 1380 326 usque
1409 280 1449 314 at
1478 274 1637 327 cippum
1659 273 1711 313 lll
1743 285 1834 313 cum
1861 270 1869 326 Ι
1893 271 2058 313 taberna

347 345 406 383 via
437 344 511 383 lata
543 356 563 383 a
596 344 746 397 pariete
785 356 823 395 p.
858 343 885 380 V
917 343 1057 382 cedere
1089 340 1280 395 debelbit‚
1322 348 1362 382 et
1396 341 1496 394 pilas
1532 341 1732 382 structiles
1761 341 1814 390 ll,
1853 351 1981 393 usque
2007 338 2057 380 ad

347 412 502 452 ianuam
531 410 537 464 Ι
573 412 797 464 superiore3
842 410 1116 463 hypanpelus⁸
1154 409 1246 450 huic
1286 410 1399 450 cedat
1438 410 1479 451 in
1509 407 1653 464 rilgore
1684 408 1876 450 maceriae
1905 413 1946 448 et
1972 407 2059 448 fur-

347 491 480 519 carum
512 486 550 518 et
580 491 645 518 ara
677 479 716 518 in
750 479 848 530 qua⁴
1839 505 1845 513 .

465 545 610 585 Tibure,
647 556 743 578 nunc
767 544 901 578 Romae
936 543 1038 584 (XIV
1058 544 1150 579 5857
1178 544 1284 588 vidi).
1323 563 1369 569 —
1410 546 1444 584 1)
1474 542 1691 587 Requiritur
1715 554 1820 577 casus
1842 544 1989 585 primus.
2012 559 2059 567 —-

347 605 380 644 2)
408 602 603 635 Gradnum.
627 621 673 627 —
699 603 732 643 3)
758 601 810 640 Cf.
839 601 890 634 VI
911 602 1027 636 14890.
1052 620 1095 626 -
1120 603 1156 644 4)
1180 601 1320 634 Demnt
1343 600 1532 644 quaedam,
1557 600 1676 644 lapide
1698 602 1853 643 integro.

458 692 571 738 8351
632 696 676 733 Α.
714 695 885 735 Plautius
915 695 1104 735 Euhodus
1134 694 1208 734 sibi
1239 701 1278 733 et
1308 693 1442 733 liberis
1471 693 1553 733 suis
1588 691 1595 748 Ι
1630 693 1674 732 Α.
1706 692 1859 732 Plautio
1887 691 2057 744 Daphne

346 769 384 803 et
416 762 588 802 Plautiae
617 761 879 814 Primigeniae
910 770 949 803 et
975 760 981 816 Ι
1010 763 1182 803 Plautiae
1213 761 1411 802 Laurillae
1441 766 1481 801 et
1511 760 1685 801 Plautiae
1705 760 1844 801 Festae
1873 766 1913 800 et
1943 758 2057 799 Plau-

346 831 422 871 tiae
454 830 666 871 Successae
698 838 737 870 et
763 829 768 885 Ι
795 832 840 871 Α.
862 831 1015 872 Plautio
1045 831 1225 878 Asbesto‚
1251 830 1402 870 libertis
1433 828 1730 882 libertabusque
1759 828 1841 869 suis
1868 826 2059 881 posteris-

346 911 423 952 que
467 911 606 939 eorum
647 898 678 939 is
719 900 785 951 qui
827 897 833 952 Ι
874 900 1001 940 Plauti
1039 899 1331 939 vocitabuntur.
1392 897 1511 938 Vicus
1551 893 1811 953 Spu[ri]anus
1848 907 1940 936 cum
1976 894 2059 936 suis

348 967 543 1007 meritoris
579 972 618 1006 et
648 967 773 1007 diaeta
799 966 806 1021 Ι
834 980 934 1020 quae
965 973 1024 1007 est
1054 968 1186 1007 iuncta
1216 967 1310 1006 huic
1339 973 1602 1006 monumento
1634 977 1726 1005 cum
1755 961 1868 1021 sui[s]
1897 962 2058 1017 parieti-

345 1034 421 1075 bus
452 1041 489 1074 et
521 1035 788 1076 fundamentis
819 1035 911 1076 huic
931 1041 1181 1077 monument.
1213 1034 1338 1075 cedet.
1365 1032 1371 1089 Ι
1400 1034 1441 1074 Si
1463 1035 1530 1086 qui
1562 1047 1609 1074 ex
1630 1033 1663 1073 is
1683 1033 1751 1086 qui
1781 1043 1900 1085 supra
1921 1030 2058 1083 scripti

345 1108 438 1142 sunt
470 1102 577 1141 hunc
608 1110 911 1143 monumentum
943 1110 1009 1143 aut
1028 1104 1155 1144 vicum
1177 1103 1420 1155 Spurianum
1447 1101 1453 1156 Ι
1480 1108 1548 1142 aut
1568 1101 1692 1141 diaeta
1725 1112 1825 1153 quae
1845 1105 1906 1140 est
1922 1099 2058 1139 iuncta

346 1171 436 1210 huic
467 1178 727 1211 monumento
759 1173 930 1212 vendere
962 1173 1105 1220 volent,
1133 1169 1139 1226 Ι
1167 1179 1263 1211 tunc
1293 1170 1341 1210 ad
1375 1183 1458 1210 rem
1484 1169 1682 1223 publicam
1713 1168 1893 1209 coloniae
1915 1167 2056 1207 Puteo-

345 1239 456 1278 lanae
486 1237 714 1291 pertinebit.

460 1306 614 1338 Avenae
638 1307 678 1338 in
703 1305 899 1348 Campania
925 1305 977 1350 (X
994 1307 1085 1341 5750
1109 1306 1202 1339 vidit
1225 1306 1268 1339 F.
1286 1306 1329 1338 de
1345 1305 1484 1349 Dalm).

456 1384 573 1431 8352
632 1387 821 1428 Caeciliae
853 1388 897 1428 D.
927 1388 989 1428 D.¹
1021 1381 1222 1427 Caecilior.
1265 1385 1271 1442 Ι
1312 1386 1520 1439 Trophimi
1561 1391 1600 1425 ct
1629 1385 1727 1438 Logi
1758 1383 1827 1424 lib.
1858 1382 2010 1437 Ilelpidi
2046 1379 2055 1438 Ι

345 1454 390 1494 D.
413 1453 604 1495 Caecilius
626 1454 774 1494 Vindex
806 1455 912 1496 aviae
942 1455 1120 1508 pientiss.
1149 1452 1155 1507 Ι
1182 1455 1287 1502 fecit,
1320 1462 1359 1495 et
1387 1454 1517 1495 libert.
1548 1453 1800 1505 libertabusq.
1833 1448 2054 1506 postelrisq.

343 1523 439 1569 eius,
473 1530 513 1563 et
542 1523 757 1575 praecepit,
790 1530 831 1563 ut
862 1523 909 1563 ad
941 1524 970 1563 it
998 1522 1004 1578 Ι
1030 1523 1286 1576 sepulchrum
1318 1523 1459 1563 hortus
1489 1523 1558 1575 qui
1589 1529 1650 1563 est
1675 1522 1831 1562 cinctus
1858 1518 1864 1574 Ι
1890 1518 2057 1560 maceria

343 1597 382 1632 et
412 1591 513 1631 dieta
545 1592 702 1632 aiuncta
734 1592 873 1632 ianuae
901 1590 907 1646 Ι
933 1592 1135 1633 custodiae
1165 1603 1280 1632 causa
1312 1591 1526 1643 sepulchro
1547 1591 1672 1639 cedat,
1701 1587 1707 1644 Ι
1733 1596 1772 1630 et
1790 1589 1888 1629 itum
1910 1587 2056 1628 aditum

343 1658 532 1699 ambitum
565 1657 825 1714 sacrifilcique
856 1661 1029 1700 faciundi
1061 1672 1175 1700 causa
1207 1660 1397 1712 proximis
1423 1657 1430 1714 Ι
1458 1660 1543 1699 eius
1573 1666 1680 1699 recte
1709 1658 1838 1698 liceat.

456 1725 589 1759 Romae
613 1727 683 1767 (VI
704 1729 821 1762 15825
845 1727 891 1767 cll
916 1739 950 1770 p.
973 1727 1063 1762 5514
1088 1728 1279 1769 aliquoties
1303 1727 1482 1769 descripta
1506 1736 1599 1759 saec.
1618 1724 1732 1768 XVI).
1756 1742 1802 1749 -
1835 1723 1868 1766 1)
1891 1722 2058 1755 Duorum

343 1782 584 1818 Decimorum.

457 1873 572 1919 8353
631 1875 675 1915 T.
709 1876 862 1916 Flavius
891 1877 991 1929 Aug.
1021 1876 1088 1917 lib.
1115 1876 1122 1932 Ι
1149 1877 1273 1916 Alcon
1307 1883 1346 1916 et
1378 1875 1549 1916 Antonia
1575 1874 1583 1929 Ι
1619 1875 1724 1928 Lyde
1755 1878 2015 1914 monumentu
2044 1868 2053 1927 Ι

344 1944 528 1983 fecerunt
558 1943 631 1983 sibi
663 1950 702 1982 et
732 1943 812 1983 suis
838 1942 845 1998 Ι
878 1944 1029 1985 libertis
1059 1944 1316 1996 libertabusq.
1343 1941 1349 1998 Ι
1385 1943 1665 1983 communibus
1695 1940 1958 1996 poslterisque
1987 1952 2055 1981 eo-

345 2023 431 2050 rum
452 2008 458 2066 Ι
486 2024 576 2051 cum
598 2011 776 2051 aedificio
796 2012 799 2064 Ι
819 2012 1061 2053 Escitatiano
1083 2010 1294 2068 cusltodiae
1326 2024 1442 2052 causa
1466 2011 1739 2066 molnumenti.
1779 2010 1881 2050 ltum
1900 2007 1908 2064 Ι
1924 2014 2055 2049 actum

343 2079 488 2119 aditum
518 2076 524 2132 Ι
550 2089 605 2134 (m
630 2090 741 2124 latero
764 2094 849 2134 sin.)
881 2081 1071 2122 ambitum
1097 2079 1104 2133 Ι
1139 2081 1190 2120 ita
1220 2086 1264 2120 ut
1293 2080 1366 2120 vivi
1401 2079 1407 2134 Ι
1446 2080 1714 2133 possedimus,
1749 2077 1756 2132 Ι
1790 2077 2018 2132 posterique
2044 2073 2053 2132 Ι

345 2148 470 2187 nostri
502 2144 765 2202 polssideant,
793 2147 800 2204 Ι
834 2149 906 2189 vivi
937 2149 1030 2189 vivis
1057 2147 1064 2203 Ι
1091 2149 1282 2196 dedimus,
1309 2146 1316 2202 Ι
1354 2147 1518 2188 inscribi
1546 2146 1552 2203 Ι
1579 2148 1777 2189 iussimus.
1819 2144 1827 2200 Ι
1862 2154 1922 2200 (ln
1946 2154 2057 2188 latero

343 2226 489 2267 dextro)
521 2218 625 2267 quod
657 2218 688 2256 si
720 2217 781 2269 qis
799 2222 883 2265 (sic)
918 2217 924 2272 Ι
961 2229 1099 2258 eorum
1130 2214 1297 2272 paritem
1337 2216 1435 2256 iuris
1470 2214 1475 2269 Ι
1509 2216 1570 2256 sui
1602 2214 1834 2266 vendidessrit
1870 2217 1938 2253 aut
1971 2223 2016 2252 ex
2045 2208 2053 2267 Ι

345 2296 513 2324 consesu
547 2284 842 2334 universorum,
875 2283 881 2339 Ι
917 2299 960 2325 ea
992 2286 1160 2338 pecunia
1191 2286 1231 2325 in
1258 2287 1264 2335 Ι
1291 2285 1488 2324 aerarium
1527 2282 1675 2338 polpuli
1705 2282 1873 2323 Romani
1902 2278 2055 2336 inll'erri

345 2351 537 2390 iubemus.
566 2349 571 2405 Ι
601 2351 683 2391 lloc
714 2365 945 2393 monumen.
973 2354 979 2406 Ι
1007 2366 1096 2393 cum
1123 2366 1191 2393 sua
1213 2349 1390 2406 custodia
1410 2356 1494 2399 (etc)
1525 2351 1710 2391 heredem
1742 2362 1823 2390 non
1853 2355 2054 2402 sequetur.

457 2416 589 2450 Romae
614 2418 685 2457 (VI
704 2417 820 2452 10258
843 2419 933 2451 vidit
957 2420 1168 2461 Bor-mann).

457 2496 572 2542 8354
624 2495 695 2554 [inl
719 2501 791 2538 l'ro.
815 2496 911 2556 [pJe.
935 2500 979 2547 Χ,
1008 2498 1014 2554 Ι
1041 2502 1079 2540 in
1103 2514 1185 2552 agr.
1209 2514 1270 2552 pe.
1293 2499 1375 2540 XX.
1403 2498 1409 2553 Ι
1439 2500 1517 2539 lter
1536 2499 1585 2538 ad
1605 2498 1642 2538 id
1669 2496 1676 2550 Ι
1703 2509 1880 2537 monum.
1902 2493 2049 2553 latum}

344 2567 433 2619 ped.
458 2566 506 2605 Vl
539 2565 719 2607 debetur.

458 2634 573 2676 Propo
596 2633 742 2667 Romam
773 2645 846 2677 rop.
878 2633 926 2666 ad
956 2635 1049 2665 viam
1076 2634 1340 2667 staeneseiuam
1379 2632 1449 2674 (VI
1469 2632 1581 2667 soom
1605 2647 1648 2660 -ε
1674 2631 1814 2666 Nolizt'e
1838 2631 1935 2675 degli
1956 2632 2056 2665 εσαυι·

344 2691 428 2724 1890
450 2703 488 2732 l'·
505 2691 598 2735 120).

373 2750 418 2753 “
457 2770 571 2816 8355
631 2749 1518 2827 flumem.
1546 2768 1552 2827 ι
1580 2771 1657 2811 ne·-
1690 2767 1755 2827 [aa
1782 2766 1908 2827 aqam
1933 2767 1940 2825 ι
1969 2781 2053 2810 mo-

346 2836 560 2896 n[21]menti
587 2840 595 2889 Ι
622 2841 660 2880 in
694 2847 946 2893 perpetuum.

460 2907 655 2948 Pivr'gnagi
678 2908 762 2948 agri
787 2906 977 2949 Bria-iani,
1003 2907 1076 2939 iam
1100 2905 1251 2939 Brtaetao
1276 2905 1325 2944 (V
1341 2905 1425 2939 4787
1450 2906 1541 2938 vidie
1568 2904 1789 2949 Mommsen).

457 2966 592 3031 835ssn
623 2987 738 3028 liuius
760 2987 994 3028 moniment.
1021 2984 1027 3042 Ι
1054 2986 1244 3039 emptioni
1276 2987 1443 3027 accessit
1468 2985 1476 3039 Ι
1502 2987 1591 3035 iter,
1620 2982 1763 3043 ac[c]us
1792 2985 1841 3025 ad
1861 2981 2049 3039 palmum,

345 3053 509 3094 haustus
536 3052 542 3107 Ι
568 3066 691 3106 aquae
723 3067 767 3094 ex
801 3052 1043 3110 suburlbano
1076 3054 1285 3094 Rutiliano.
