2196 3412
335 159 418 198 908
1068 158 1188 204 Caput
1208 157 1326 195 XVII.

446 272 591 320 8323*
629 275 666 314 d.
699 287 750 314 m.
785 272 792 327 Ι
829 272 1009 313 Claudiae
1039 268 1294 328 For1tunatae
1325 273 1352 313 f.
1383 272 1643 329 dullcissimae
1673 274 1711 317 b.
1741 286 1793 314 m.
1827 270 1835 327 Ι
1874 272 1919 314 In
1948 284 2045 326 agro

335 357 374 397 p.
405 343 497 391 1111,
545 342 551 397 Ι
592 344 631 383 in
664 343 872 383 latitudine
912 342 919 395 Ι
965 354 1000 394 p.
1036 340 1083 381 11.
1127 339 1133 395 Ι
1178 340 1288 381 Fecit
1318 340 1476 382 Claudia
1517 339 1524 397 Ι
1564 341 1720 382 Charite
1751 347 1860 390 mat„
1898 339 1907 396 Ι
1951 341 2048 383 vixit

337 424 431 452 ann.
452 411 503 451 Xl
531 410 536 466 Ι
563 424 615 453 m.
639 410 684 450 X.

447 478 579 511 Romae
603 477 672 520 (71
695 477 807 511 45438
831 475 922 508 vidit
948 476 1116 517 liemon).

446 558 562 604 8324
619 559 666 605 Q.
689 558 928 605 Quinctilius
950 558 1116 610 Optatus
1142 557 1149 610 Ι
1176 557 1346 602 Illlllvir
1367 558 1472 598 vivos
1492 558 1586 598 fecit
1614 558 1688 599 sibi
1709 564 1749 598 et
1773 557 1780 613 Ι
1807 534 2046 605 Quinctilio}

335 628 576 668 Arbusculae
615 624 622 681 Ι
667 627 781 666 matri
814 632 853 666 et
883 626 1078 667 Numisiae
1111 626 1289 667 Pusillae.
1332 624 1338 679 Ι
1383 625 1522 666 Latum
1553 626 1675 679 pedes
1704 625 1793 674 XX,
1833 623 1840 681 Ι
1881 625 2046 678 longum

337 697 385 736 ab
416 697 519 736 unda
551 695 598 735 ad
628 695 854 735 maceriam.

449 762 555 796 ladm-
579 761 738 806 (Zarae)
763 763 801 794 in
826 761 1010 794 Dalmatia
1036 760 1110 804 (III
1131 761 1223 795 2929
1247 759 1339 793 vidit
1364 759 1587 805 Mommsen).

445 843 560 889 8325
607 844 647 884 C.
670 843 862 883 Alennius
884 843 927 882 L.
949 845 976 884 f.
1004 842 1010 897 Ι
1038 844 1120 884 Clu.
1146 842 1153 897 Ι
1181 843 1220 883 C.
1242 843 1436 883 Alennius
1458 842 1499 883 C.
1522 843 1548 882 f.
1570 843 1655 882 Clu.
1678 841 1818 883 Barba.
1844 839 1853 896 Ι
1878 841 2047 882 Alennia

336 914 377 955 C.
398 914 424 954 l.
447 914 597 953 Murtis.
626 910 632 964 Ι
659 911 896 964 Sempronia
927 912 970 951 P.
992 911 1017 951 l.
1040 911 1142 951 Lais.
1170 909 1176 966 Ι
1204 911 1247 951 ln
1280 912 1413 951 fronte
1445 923 1484 963 p.
1506 909 1649 959 XVIII,
1679 910 1721 950 in
1742 921 1824 962 agr.
1848 922 1886 963 p.
1901 908 2015 950 XXV.
2038 906 2046 964 Ι

335 983 437 1023 Huic
459 983 547 1022 loco
570 981 681 1020 locus
702 992 933 1032 proxumus,
962 982 967 1031 Ι
996 980 1063 1031 qui
1084 986 1145 1019 est
1164 978 1364 1019 secundus
1384 991 1405 1018 a
1427 979 1498 1026 via,
1530 990 1619 1019 area
1640 978 1795 1029 servit¹,
1821 973 1828 1032 Ι
1855 977 1895 1017 in
1915 978 2046 1017 fronte

334 1065 373 1104 p.
396 1050 535 1098 XVIII,
565 1047 571 1103 Ι
596 1049 636 1088 in
667 1061 748 1101 agr.
780 1061 818 1101 p.
841 1047 938 1088 XVI.

447 1116 578 1150 Romae
602 1115 650 1148 ad
673 1117 768 1148 viam
782 1115 1003 1148 Labicanum
1027 1124 1102 1156 rep.
1125 1113 1195 1157 (VI
1209 1114 1322 1148 41:383
1345 1113 1439 1146 vidit
1456 1112 1678 1157 Mommsen).
1703 1131 1749 1137 -—
1775 1113 1807 1155 1)
1830 1110 1914 1146 Non
1930 1111 2047 1145 solum

334 1175 429 1208 viam
460 1184 528 1216 per
562 1172 751 1215 praedium
784 1171 955 1215 (aditum)
991 1171 1054 1203 sed
1087 1172 1293 1203 universam
1329 1180 1450 1203 aream
1482 1170 1612 1214 praedi
1647 1171 1781 1203 servire
1816 1168 2048 1212 significatur

334 1231 541 1276 (Memnon).

446 1310 562 1358 8326
620 1313 657 1352 d.
689 1325 740 1352 m.
772 1326 802 1352 s.
837 1309 843 1365 Ι
885 1311 936 1351 Μ.
967 1311 1149 1350 Aurelius
1180 1312 1305 1361 Augg.
1337 1309 1404 1349 lib.
1438 1286 1661 1349 Primus—et
1694 1306 1700 1363 Ι
1739 1308 1856 1349 Furia
1888 1307 2047 1362 Chrysis

334 1396 376 1424 se
407 1382 479 1422 vivi
510 1383 693 1422 fecerunt
719 1379 725 1435 Ι
752 1380 826 1420 sibi
852 1387 891 1420 et
911 1379 1005 1427 suis,
1037 1377 1189 1418 libertis
1219 1377 1516 1429 libertabusque
1547 1377 1797 1429 posterisque
1823 1376 1830 1430 Ι
1856 1388 2009 1417 eorum.
2035 1373 2044 1432 Ι

335 1450 378 1491 ln
401 1452 534 1490 fronte
556 1449 643 1502 ped.
665 1448 772 1496 XIII,
810 1448 849 1487 in
873 1459 966 1499 agro
999 1460 1037 1499 p.
1059 1446 1166 1495 xm,
1194 1445 1200 1500 Ι
1228 1453 1266 1485 et
1297 1452 1388 1485 ante
1418 1446 1551 1485 fronte
1583 1445 1696 1484 area¹
1728 1445 1834 1498 long.
1866 1445 1925 1498 μ’
1943 1444 2045 1491 xul.

333 1519 397 1559 lat.
457 1518 517 1558 ed.
548 1517 650 1558 XIII.

429 1531 581 1618 pRomae
606 1584 654 1616 ad
675 1584 770 1616 viam
797 1581 1057 1615 Nomentanam
1080 1591 1154 1623 rep.
1172 1580 1255 1626 ·(V1
1276 1581 1389 1615 45193
1413 1580 1505 1613 vidit
1529 1580 1699 1624 Henzon).
1731 1598 1777 1605 —
1814 1581 1846 1622 1)
1871 1579 2048 1615 Similiter

333 1653 444 1684 supra
470 1641 512 1674 Ν.
530 1642 628 1675 8015.
652 1659 694 1664 -—
717 1641 750 1681 2)
777 1639 894 1681 lonpg.
920 1639 1021 1680 lapis,
1053 1638 1190 1670 scilieet
1214 1647 1247 1680 p.
1273 1637 1350 1670 1000
1374 1647 1447 1670 non
1471 1641 1568 1670 recto
1593 1639 1742 1672 inserta.

447 1723 560 1769 8327
619 1725 657 1762 d.
688 1735 740 1762 m.
769 1720 775 1776 Ι
803 1722 853 1761 Μ.
886 1721 1067 1761 Aurelius
1100 1721 1347 1761 Domitianus
1376 1733 1419 1760 se
1449 1721 1557 1759 vivus
1583 1718 1588 1774 Ι
1616 1720 1710 1759 emit
1739 1727 1778 1760 et
1806 1721 2048 1773 comparavit

335 1795 465 1834 locum
498 1792 708 1843 virginem,
745 1789 749 1844 Ι
786 1802 806 1828 a
839 1789 922 1829 solo
955 1789 1047 1828 l'ecit
1084 1788 1158 1829 sibi
1198 1795 1237 1828 et
1274 1788 1425 1828 libertis
1462 1785 1771 1842 libelrtabusque
1798 1788 2047 1841 posterisque

336 1874 491 1907 eorum.
520 1857 525 1914 Ι
553 1860 644 1899 item
662 1857 830 1898 Baebiae
845 1857 1098 1909 Parthenope
1120 1854 1292 1910 conluigi
1311 1859 1400 1904 (stc)
1420 1855 1703 1896 sanctissimae.
1743 1855 1788 1896 ln
1811 1856 1913 1896 frote
1931 1859 2016 1906 (sio)
2035 1853 2044 1911 Ι

336 1928 457 1982 pedes
486 1941 524 1980 p.
547 1940 597 1966 m.
620 1926 725 1973 XVI,
757 1926 796 1965 in
821 1926 922 1965 latus
951 1925 1072 1977 pedes
1092 1923 1197 1972 XVl,
1226 1923 1231 1979 Ι
1259 1925 1352 1964 item
1375 1924 1414 1964 in
1436 1923 1539 1964 latus
1568 1924 1607 1963 in
1630 1924 1691 1964 via
1711 1923 1912 1965 Ardiatina
1929 1928 2014 1973 (sic)
2037 1922 2046 1980 Ι

337 1996 573 2049 respiciente
604 1995 725 2046 longo
757 1994 878 2046 pedes
904 1990 910 2049 Ι
937 2005 975 2045 p.
1007 2005 1059 2032 m.
1089 1992 1245 2040 xxun,
1278 1999 1318 2032 et
1347 1992 1427 2032 latu
1459 1992 1580 2044 pedes
1609 1991 1677 2034 X¹.
1705 1991 1711 2046 Ι
1738 1991 1785 2032 Η.
1817 2004 1868 2033 m.
1899 1992 1978 2033 ex.²
2007 1993 2047 2034 h.

338 2078 377 2104 n.
409 2078 439 2104 s.
481 2061 487 2117 Ι
530 2063 579 2102 Μ.
611 2062 794 2102 Aurelius
825 2061 1017 2101 Stasimus
1056 2060 1120 2104 lib.
1156 2068 1298 2113 coeptu
1338 2074 1359 2101 a
1396 2067 1565 2114 patrono
1603 2058 1609 2116 Ι
1650 2073 1722 2101 suo
1762 2061 2050 2101 consummavit

336 2132 411 2173 sibi
442 2139 480 2171 et
509 2131 601 2171 suis.
661 2131 775 2177 Quod
806 2131 840 2170 si
871 2130 958 2181 quis
990 2136 1080 2180 post
1114 2127 1121 2183 Ι
1157 2129 1306 2169 obitum
1339 2142 1468 2169 meum
1501 2129 1672 2169 vendere
1702 2135 1770 2170 aut
1799 2129 1949 2169 donare
1979 2141 2048 2169 vo·

338 2201 450 2247 lucr..
481 2200 595 2239 inser.
617 2198 715 2241 ark.³
746 2205 856 2251 pont.
880 2196 953 2240 -SS
970 2187 1005 2238 ῖ
1035 2198 1075 2238 fi.

451 2267 564 2309 Prope
586 2265 733 2298 Romam
757 2275 832 2307 rep.
857 2265 905 2298 ad
927 2268 1023 2298 viam
1040 2263 1295 2304 Ardeatinam,
1321 2265 1416 2297 inter
1433 2264 1599 2297 ecclesias
1625 2264 1659 2299 S.
1674 2264 1778 2297 Paula·
1793 2267 1828 2297 ot
1844 2263 2049 2297 sebastena·

338 2322 528 2362 (7113074
552 2323 643 2354 vidie
661 2321 831 2365 Hanzen).
856 2340 902 2345 -
931 2323 959 2362 l)
986 2320 1040 2359 Cf.
1065 2331 1175 2363 snpra
1201 2319 1249 2353 N.
1273 2319 1422 2354 8190⁸b.·
1454 2321 1486 2353 in
1514 2320 1643 2354 frontes
1669 2320 1737 2354 duo
1764 2346 1771 2354 .
1789 2344 1798 2353 .
1823 2323 1858 2354 et
1882 2320 1914 2352 in
1942 2320 2046 2352 latera

339 2379 416 2412 duo.
439 2397 481 2402 -
508 2380 540 2419 2)
566 2378 751 2411 Exeat-um.
777 2396 821 2401 —-
847 2379 880 2418 3)
908 2376 963 2417 Cf.
992 2376 1035 2412 Ν.
1059 2378 1162 2411 8227.
1187 2377 1280 2411 8229
1298 2381 1360 2410 cel.

451 2457 567 2503 8328
627 2459 804 2498 universa
837 2460 1025 2511 pedatura
1053 2457 1058 2512 Ι
1086 2471 1175 2498 cum
1207 2471 1279 2498 suo
1304 2460 1480 2499 aedilicio
1507 2456 1513 2512 Ι
1540 2458 1644 2510 quod
1677 2458 1782 2499 cedit
1811 2458 1903 2498 huic
1928 2455 1935 2513 Ι
1962 2470 2048 2498 mo-

341 2535 530 2568 numento
552 2527 731 2566 continet
757 2524 763 2579 Ι
790 2526 953 2578 longum
982 2538 1052 2579 pei·
1072 2527 1223 2566 frontes
1251 2524 1256 2579 Ι
1283 2525 1486 2566 interioris
1516 2532 1555 2566 et
1586 2525 1791 2566 exterioris
1817 2523 1824 2580 Ι
1851 2537 2048 2579 peraeque

342 2610 379 2649 p.
410 2594 602 2636 LXXX..
621 2623 645 2638 .,
673 2593 680 2646 Ι
706 2594 744 2634 in
777 2605 871 2645 agro
902 2606 928 2646 p
932 2623 1170 2634 ........

454 2663 565 2703 Prope
598 2661 793 2703 Zagamlo,
829 2661 944 2693 vicum
978 2661 1063 2702 agri
1095 2660 1332 2699 mmmmm,
1369 2670 1443 2702 rep.
1480 2659 1588 2702 (XIV
1604 2661 1695 2695 2857
1730 2660 1837 2693 cornel
1866 2660 2047 2703 deser-'pta

340 2730 429 2754 saec.
455 2720 602 2757 XVIII).

453 2798 568 2844 8329
633 2800 704 2840 Cn.
734 2799 852 2839 Manli
886 2800 957 2839 Cn.
1005 2796 1010 2852 Ι
1056 2798 1080 2838 l.
1114 2799 1265 2838 Nastae.
1334 2797 1376 2837 ln
1419 2798 1425 2851 Ι
1467 2810 1603 2851 agrum
1645 2795 1761 2855 p[e]d.
1795 2798 1883 2846 ΧΙΙ,
1930 2796 1937 2852 Ι
1980 2775 2048 2838 1-3-ῐῖ

341 2881 381 2921 p.
405 2867 474 2915 ln,
507 2868 563 2906 via
590 2864 596 2921 Ι
623 2868 769 2919 privata
802 2868 908 2908 inter
933 2866 941 2916 Ι
967 2867 1010 2907 P.
1040 2866 1267 2908 Rutilium¹.

455 2933 585 2967 Romae
609 2934 657 2967 ad
678 2937 821 2976 portam
847 2934 1017 2967 Latinam
1041 2945 1135 2977 rep„
1170 2936 1292 2976 cippus
1317 2943 1363 2964 eae·
1388 2932 1505 2975 lapido
1534 2931 1723 2966 Tiburtino
1753 2931 1820 2977 (VI
1841 2931 1928 2967 565⁴
1956 2931 2049 2965 vidie

342 2989 510 3033 Henzou).
535 3009 579 3014 --
606 2991 637 3031 1)
663 2990 1030 3033 Subinteuegendum:
1060 2992 1092 3022 et
1118 2989 1179 3023 Cn.
1198 2987 1371 3022 Manlium
1389 2988 1575 3032 (Momm,
1601 2991 1664 3033 qui
1691 2990 1727 3025 C.
1745 2990 1769 3025 I.
1789 3000 1818 3024 c.
1842 2990 1951 3021 eitum
1974 2997 2047 3021 no-

342 3049 502 3079 munculi
525 3046 746 3088 delineavit).
