2196 3412
290 172 374 211 840
1021 168 1139 215 Caput
1161 168 1281 204 XVII.

404 283 519 331 ’7853
578 285 618 326 in
651 286 776 326 front.
807 297 846 337 p.
870 284 981 329 XIII,
1015 282 1022 337 Ι
1048 283 1232 324 Familiae
1263 288 1304 323 et
1331 281 1462 324 libert.
1487 281 1496 339 Ι
1522 282 1729 331 νὶῑθὶἰίοτ..
1765 281 1772 335 Ι
1806 282 2004 324 Eumaeus
2076 306 2079 316 >v

291 355 397 408 disp.
428 354 520 397 dat.¹
555 351 561 407 Ι
601 353 646 393 ln
678 365 761 404 agr.
793 365 834 405 p.
865 350 1052 393 XXXXV.

404 420 536 454 Romae
562 419 632 463 (VI
654 418 746 453 9321
771 418 864 451 vidit
884 416 1098 462 Bormann).
1117 436 1162 442 —
1190 418 1221 460 1)
1247 416 1330 450 Non
1352 428 1440 451 raro
1464 428 1487 451 a
1511 418 1816 462 dispensatoribus
1839 415 2006 458 familiae

292 480 326 510 et
349 478 529 511 conservis
554 476 645 509 talia
672 474 836 517 sepulcra
861 474 1102 514 donabantur,
1128 472 1175 512 er.
1204 473 1253 507 VI
1267 473 1361 508 9320
1378 475 1439 514 (=
1455 474 1599 517 14044).
1623 474 1710 509 XIV
1723 473 1832 509 3033.

405 577 520 624 7854
577 578 755 618 liberter.
783 575 789 631 Ι
822 583 862 617 et
891 578 1011 618 famil.
1040 577 1047 632 Ι
1083 545 1251 619 Seneoi.¹
1282 576 1418 618 Surae.
1459 575 1466 632 Ι
1506 577 1551 618 In
1585 578 1632 620 fr.
1662 592 1702 632 p.
1723 577 1874 627 XXXV,
1914 577 1922 631 Ι
1961 578 2003 618 in

291 660 352 700 ag.
384 660 423 700 p.
454 646 605 686 XXXV.

406 713 538 747 Romae
562 713 611 746 ad
632 714 728 746 viam
755 712 930 754 Cassiam,
960 711 1031 754 2¹s2
1054 711 1127 746 mil.
1150 722 1245 755 pass.
1269 712 1314 744 ab
1338 712 1438 754 urbe,
1462 713 1560 755 cippi
1583 712 1654 746 duo
1681 712 1751 759 (VJ
1768 714 1879 749 26197
1899 712 2007 748 cernel

291 768 489 814 descripto.
527 788 573 795 —
615 770 647 811 1)
678 768 884 803 Senecionis
896 769 950 810 (t).
999 766 1136 801 Nomen
1167 766 1306 802 viditur
1336 768 1500 801 indicare
1531 769 1709 802 hominem
1738 769 1910 814 nobilem,
1942 770 2006 804 sed

289 829 478 870 praeterea
500 828 678 869 ignotum.

404 927 517 974 7855
576 931 613 969 d.
645 942 698 969 m.
730 929 882 970 libertis
906 928 1187 969 Petroniorum
1209 928 1431 969 Mamertini
1462 934 1502 968 et
1532 928 1786 981 Septimiani¹
1817 931 2007 983 posteris-

292 1010 371 1050 que
403 1010 555 1038 eorum.

402 1063 534 1097 Romae
571 1063 641 1107 (VI
662 1062 774 1097 23991
814 1063 861 1104 cl.
888 1074 926 1107 p.
953 1062 1046 1097 3530
1084 1063 1189 1096 habet
1218 1063 1417 1106 Iucundus,
1452 1063 1544 1096 vidit
1578 1065 1686 1097 etiam
1714 1064 1938 1107 Aocursius).
1961 1083 2008 1091 -

292 1122 325 1162 1)
350 1120 500 1154 Fratres
524 1120 571 1154 M.
587 1121 779 1154 Petronius
802 1119 900 1154 Sura
923 1119 1161 1153 Mamertinus
1192 1123 1227 1153 et
1257 1119 1305 1154 M.
1322 1120 1511 1154 Petronius
1535 1119 1630 1154 Sura
1655 1120 1913 1164 Septimianae,
1943 1123 2008 1165 qui

289 1187 364 1211 una
388 1181 635 1211 memorantur
664 1178 770 1210 etiam
795 1178 835 1211 in
859 1176 983 1217 fistula
1008 1178 1165 1220 aquaria
1187 1176 1262 1211 XV
1275 1176 1360 1210 7511
1392 1179 1427 1209 et
1454 1178 1492 1210 in
1517 1177 1639 1220 tegula
1662 1176 1748 1211 XIV
1767 1178 1870 1220 2089,
1891 1178 1938 1212 20
1960 1192 2006 1207 -ι

290 1232 357 1267 XV
375 1234 477 1267 2159.
511 1234 618 1268 Prior
641 1237 694 1267 est
717 1235 824 1267 etiam
851 1233 902 1267 VI
916 1233 1039 1268 21756.
1076 1233 1181 1266 Alter
1202 1231 1278 1273 fuit
1300 1232 1427 1266 consul
1448 1244 1481 1267 a.
1497 1234 1573 1269 190.
1614 1233 1668 1274 Cf.
1684 1235 1902 1278 Pmsopogr.
1918 1235 2005 1278 imp.

290 1289 388 1324 Rom.
413 1291 470 1323 III
488 1302 524 1333 p.
542 1290 588 1325 30
611 1302 645 1326 n.
662 1292 745 1325 229.
761 1290 843 1325 230.

404 1392 520 1439 ’7856
577 1395 746 1435 familiae
776 1394 847 1450 et}
885 1396 1063 1435 libertor.
1091 1392 1098 1449 Ι
1133 1394 1178 1434 Τ.
1210 1394 1389 1446 Septumi
1421 1393 1584 1434 Sabini.¹
1612 1393 1619 1449 Ι
1653 1394 1861 1438 Ianuarius
1889 1396 2008 1448 Aug.²

291 1468 330 1502 et
358 1462 473 1502 Atilia
502 1460 697 1518 Eustalsia
730 1463 941 1504 maceriam
971 1466 1265 1515 tempestestate
1282 1465 1366 1510 (sic)
1401 1459 1408 1515 Ι
1449 1461 1596 1515 lapsam
1627 1461 1891 1503 restituerunt
1919 1462 2007 1503 sine

291 1527 448 1585 iniulria
477 1530 676 1582 priorum,
715 1537 754 1571 et
783 1531 858 1572 sibi
890 1536 929 1571 et
957 1531 1040 1571 suis
1070 1531 1252 1571 fecerunt
1279 1527 1284 1583 Ι
1310 1530 1521 1582 posterisq.
1551 1542 1704 1570 eorum.

403 1596 536 1631 Romae
567 1597 642 1638 (VJ
662 1599 778 1632 26258
808 1598 900 1632 vidit
924 1596 1094 1641 Dressel).
1133 1615 1179 1621 --
1222 1598 1253 1639 1)
1279 1596 1332 1637 Cf.
1355 1607 1467 1640 supra
1491 1596 1536 1631 N.
1558 1597 1661 1631 5921.
1701 1616 1747 1622 -
1786 1597 1822 1639 2)
1846 1595 2009 1640 Augusti

289 1654 459 1696 (servus).

406 1755 520 1803 7857
581 1759 645 1798 hic
675 1758 785 1798 locus
816 1758 895 1797 sive
925 1757 1006 1796 arIa
1036 1763 1097 1797 est
1129 1756 1136 1811 Ι
1176 1757 1409 1798 libertorum
1442 1756 1448 1811 Ι
1493 1763 1533 1798 et
1561 1757 1793 1798 libertarum
1832 1756 1838 1811 Ι
1882 1762 1922 1797 et
1951 1758 2009 1798 fa-

291 1826 422 1867 miliae
449 1824 455 1880 Ι
491 1826 663 1866 duorum
692 1825 907 1865 Fabiorum
934 1822 940 1877 Ι
967 1823 1104 1864 Arcari
1133 1829 1172 1864 et
1202 1825 1358 1865 Potumi
1377 1828 1476 1874 (sic),
1507 1825 1515 1878 Ι
1549 1824 1591 1865 in
1622 1825 1743 1865 front.
1775 1837 1814 1878 p.
1846 1823 1927 1873 Xs,
1966 1825 2008 1865 in

292 1905 377 1945 agr.
423 1892 430 1947 Ι
475 1905 515 1946 p.
547 1892 620 1933 XII
657 1898 696 1933 et
724 1898 816 1945 post
844 1891 1019 1932 aedicula
1063 1888 1070 1946 Ι
1117 1891 1252 1932 Octavi
1282 1892 1424 1933 Felicis
1468 1891 1475 1947 Ι
1521 1892 1586 1933 lat.
1617 1905 1657 1946 p.
1690 1892 1855 1943 ..Ills‚
1899 1892 2009 1946 long.

364 1960 434 2000 VII
449 1973 481 2001 s.

294 1973 333 2013 p·
408 2026 541 2061 Romae
557 2026 605 2059 ad
618 2029 713 2060 viam
726 2025 907 2060 Salariam
925 2036 999 2068 rep.
1018 2025 1090 2069 (VI
1099 2026 1210 2061 35199
1222 2026 1421 2061 =Notizie
1434 2027 1530 2070 degli
1540 2029 1640 2060 soavi
1654 2028 1740 2062 1887
1750 2038 1785 2070 p.
1798 2027 1865 2063 376
1876 2028 2010 2070 mua).

409 2130 526 2177 ’7858
582 2132 876 2172 monimentum
915 2130 1214 2187 circumdaltum
1259 2132 1428 2172 maceria
1473 2144 1563 2172 cum
1601 2130 1794 2188 proteolto
1839 2139 1879 2174 et
1921 2144 2013 2173 area

295 2200 473 2253 pertinet
502 2199 550 2240 ad
580 2195 758 2255 lilbertos
787 2204 828 2239 et
856 2199 1044 2239 familiam
1072 2197 1078 2254 Ι
1104 2200 1253 2241 Antoni
1282 2199 1466 2254 Isocrysi.

409 2266 542 2301 Romae
565 2267 617 2300 ad
638 2269 736 2300 viam
761 2266 932 2300 Latinam
955 2277 1031 2310 rep.
1061 2266 1130 2307 (VI
1152 2267 1261 2301 11998
1283 2267 1377 2300 vidit
1402 2266 1623 2311 Stevemon).

411 2367 526 2414 ’1859
585 2339 744 2411 libertis
768 2376 808 2410 et
796 2339 1003 2412 familiae
1037 2371 1044 2425 Ι
1079 2371 1138 2411 Ti.
1170 2372 1229 2411 Ti.
1262 2339 1515 2411 Claudiorum
1555 2370 1563 2424 Ι
1603 2371 1735 2411 Erotis
1765 2376 1806 2411 et
1834 2367 2009 2426 Felicis}

298 2440 397 2491 Aug.
429 2438 455 2478 1.
486 2450 508 2477 a
538 2437 760 2478 rationibus
786 2435 792 2492 Ι
828 2438 1076 2491 posterisque
1108 2451 1260 2480 eorum.
1295 2436 1302 2495 Ι
1339 2438 1548 2479 Stabulum
1579 2450 1670 2479 cum
1701 2437 1948 2493 praesepiis!
1973 2445 2014 2478 et

298 2506 407 2546 cellis
436 2505 529 2546 huic
558 2505 647 2546 Ioco
689 2503 694 2559 Ι
738 2506 906 2546 maceria
937 2506 1046 2546 cluso
1078 2506 1181 2547 cedit
1221 2505 1226 2561 Ι
1267 2513 1308 2547 et
1336 2513 1481 2559 puteus
1521 2512 1561 2547 et
1596 2506 1748 2559 piscina
1784 2518 1876 2547 oum
1905 2506 2013 2547 aditu

299 2586 441 2614 comm.
473 2573 521 2614 de
551 2573 662 2626 pub.¹

412 2639 544 2673 Romae
568 2638 641 2684 (VI
660 2639 751 2674 8413
775 2639 866 2673 vidit
891 2640 1083 2682 Huebner).
1106 2658 1151 2664 —
1179 2641 1210 2682 1)
1237 2637 1424 2675 Communi
1447 2640 1490 2673 de
1509 2640 1665 2684 publico.

413 2742 528 2789 ’7860
586 2742 730 2800 loe[us]
759 2744 766 2797 Ι
794 2741 992 2799 summias]
1022 2742 1027 2798 Ι
1055 2744 1125 2784 Cn.
1156 2746 1242 2784 Oct.
1274 2741 1414 2799 liulfi]⁹
1441 2743 1448 2798 Ι
1482 2757 1520 2797 q.
1543 2757 1582 2797 q.
1603 2757 1639 2785 v.
1661 2746 1714 2797 p.¹
1738 2741 1925 2802 ΧΧΧΙΙῙΙ.

416 2810 605 2853 Aquileiae
629 2811 686 2851 (V
702 2810 791 2845 1321
818 2811 872 2844 bie
897 2811 1075 2854 descripta
1099 2820 1195 2844 saec.
1211 2810 1342 2853 XVII).
1365 2829 1411 2835 —
1439 2812 1471 2852 1)
1498 2810 1647 2855 Quoquo
1674 2822 1796 2845 versus
1815 2812 1932 2855 pedes.

416 2910 558 2957 7860*
600 2912 797 2955 defunctis
823 2912 829 2968 Ι
856 2915 977 2955 servis
1002 2914 1010 2969 Ι
1037 2914 1237 2955 Pactumei
1264 2911 1271 2969 Ι
1298 2914 1483 2964 lucundi,
1520 2913 1526 2968 Ι
1558 2915 1704 2956 Natalis
1730 2915 1738 2971 Ι
1771 2928 1836 2957 an.
1865 2914 1974 2963 XXI,
2002 2912 2009 2969 Ι

303 2976 526 3037 Proculu[s]
553 2978 560 3035 Ι
592 2992 656 3021 an.
688 2980 754 3020 XV
780 2982 787 3035 Ι
815 3010 988 3023 ......

425 3046 613 3089 Aquileiae
637 3046 694 3090 (V
710 3046 801 3081 1326
825 3047 872 3088 cll
895 3060 930 3092 p.
948 3049 1035 3084 1026
1057 3048 1148 3082 vidie
1172 3048 1391 3087 Mommsen).
