2190 3406
0 2305 21 2329 „¹
0 2278 15 2291 t!
0 2195 14 2225 ““.“”’
0 2147 15 2186 '‘ff-‘i
0 1962 26 2137 ’ρῖρμπξξδῖῑῼυ

558 105 673 144 Tituli
697 105 932 153 sepulcrales.
953 125 998 132 -
1023 105 1271 142 Laudationes
1295 105 1481 142 funebres.
1790 107 1871 146 929

285 219 404 269 8804
461 252 472 262 .
494 252 503 262 .
526 252 537 261 .
560 251 569 261 .
600 221 798 270 Murdviae¹
831 221 875 262 L.
907 222 933 262 s.
961 221 1108 263 matris.
1133 220 1139 275 Ι

544 297 546 299 ’
582 292 604 295 ”
740 299 870 343 (Periit
890 301 1028 343 pagina
1051 302 1197 333 minime
1219 299 1311 344 una)

155 359 241 426 ‘sed
260 359 434 414 propriis
454 357 603 399 viribus
622 357 804 398 adlevent
822 364 952 398 cetera
974 361 1053 410 quo
1074 359 1246 398 firmiora
1272 360 1279 410 Ι
1306 357 1650 411 probabilioraque
1671 358 1786 399 sint'.
1811 357 1819 410 Ι

287 427 437 469 Omnes
466 426 570 467 sslios
595 438 720 478 aeque
751 426 844 466 fecit
873 426 1039 467 heredes
1068 426 1279 479 partitione
1309 426 1410 466 filiae
1441 425 1563 466 data³.
1614 426 1735 467 Amor
1759 426 1766 481 Ι
1794 439 1875 467 ma-

175 503 315 538 ternus
344 495 506 536 cal-itate
535 493 717 541 liberum,
749 495 984 546 aequalitate
1013 494 1183 546 partium
1215 500 1382 535 constat.
1406 491 1414 548 Ι

288 562 403 603 Viro⁴
422 568 578 603 certam
600 562 808 615 pecuniam
830 561 983 614 legavit,
1013 567 1057 601 ut
1077 562 1138 602 ius
1158 562 1260 602 dotis
1290 562 1442 602 honore
1473 562 1591 602 iudici
1622 568 1846 614 augeretur.
1870 560 1877 616 Ι

287 631 383 672 nihi
412 633 591 671 revocata
624 629 811 670 memoria
840 629 963 682 patris
993 632 1117 681 eaque
1154 629 1194 669 in
1227 630 1434 670 consilium
1474 637 1515 670 et
1543 630 1618 670 fide
1657 633 1726 670 sua
1755 628 1879 682 adIhi-

174 699 280 742 biti·
318 699 603 740 aestumatione
642 698 743 737 sacta
781 699 908 737 certius
946 708 1010 737 res
1047 703 1284 738 testamento
1324 698 1576 751 praelegavit,
1617 696 1625 750 Ι
1667 710 1796 750 neque
1835 701 1879 738 ea

174 774 323 821 mente,
361 780 441 820 quo
472 769 534 806 me
564 765 752 806 fratribus
783 764 901 804 meis·
930 777 1050 817 quom
1081 762 1270 822 [e]orum⁷
1299 766 1427 818 aliqua
1455 764 1463 818 Ι
1496 766 1734 806 contumelia
1765 779 1879 819 prae·

175 840 314 880 reu-ret:
352 835 443 884 sed,
473 846 626 875 memor
655 833 899 873 liberalitatis
928 834 1050 886 patris
1080 834 1175 881 mei,
1204 831 1210 887 Ι
1243 833 1442 874 reddenda
1472 834 1566 873 mihi
1596 835 1749 881 statuit,
1781 847 1881 886 quae

175 905 322 948 indicio
340 904 412 944 viri
442 902 527 943 sui·
556 914 603 942 ex
634 901 872 954 patrimonio
898 900 904 954 Ι
931 905 1020 942 meo
1050 901 1231 954 cepisset,
1261 908 1306 942 ut
1334 914 1379 942 ea
1410 904 1505 942 ussu
1530 906 1615 950 (sic)
1645 914 1717 942 suo
1747 908 1881 942 custo-

176 975 255 1015 dita
284 970 516 1026 proprietati
546 982 656 1010 meae
686 968 1014 1023 restiltuerentur.
1042 967 1049 1024 Ι

290 1039 476 1082 Constitit
510 1051 605 1091 ergo
644 1038 683 1077 in
724 1037 800 1077 hoc
837 1037 912 1077 sibi
950 1038 1034 1090 ipsa
1072 1044 1116 1078 ut
1145 1040 1167 1078 a
1197 1037 1430 1090 parentibus
1467 1038 1598 1090 dignis
1636 1038 1728 1078 viris
1756 1036 1879 1093 data}

176 1108 423 1151 matrimonia
463 1105 654 1159 opsequio
692 1105 890 1157 probitate
930 1105 1137 1151 retineret,
1177 1111 1298 1156 nupta
1339 1106 1512 1145 meriteis
1549 1103 1718 1160 graltior
1759 1107 1883 1152 fieret,

176 1178 254 1219 fldo
296 1175 427 1217 carior
470 1174 701 1216 haberetur,
752 1173 897 1213 iudicio
943 1173 1121 1213 ornatior
1165 1173 1494 1224 relinquereltur,
1544 1180 1635 1224 post
1677 1174 1880 1214 decessum

175 1246 377 1288 consensu
421 1242 565 1283 civium
599 1241 839 1288 laudaretur,
885 1239 1004 1293 quom
1044 1240 1247 1293 discriptio
1289 1238 1296 1295 Ι
1336 1241 1508 1292 partium
1549 1241 1690 1282 habeat
1728 1248 1884 1294 gratum

177 1314 380 1366 fidumque
410 1310 585 1351 animum
615 1309 656 1349 in
678 1309 795 1357 viros,
826 1306 1110 1363 aequalitaltem
1142 1309 1183 1348 in
1205 1308 1366 1356 liberos,
1402 1308 1586 1349 iustitiam
1616 1310 1655 1349 in
1679 1307 1881 1365 veritate.)

293 1380 447 1428 Quibus
476 1379 525 1418 de
554 1377 707 1417 causeis
737 1376 883 1428 quom’
921 1379 1098 1416 omnium
1129 1377 1325 1416 bonarum
1365 1377 1600 1417 feminarum
1637 1378 1802 1430 simplex
1831 1380 1885 1419 si-

178 1450 374 1505 millisque
406 1459 492 1487 esse
522 1444 693 1485 laudatio
723 1444 858 1491 soleat,
895 1444 999 1496 quod
1033 1445 1223 1484 naturalia
1255 1443 1360 1484 bona
1391 1446 1550 1497 propria
1582 1445 1770 1499 custoldia
1801 1459 1884 1486 ser-

176 1525 261 1558 vata
290 1516 498 1556 varietates
526 1512 738 1553 verborum
771 1525 852 1552 non
884 1512 1122 1557 desiderent,
1152 1512 1325 1564 satisque
1346 1511 1429 1566 sit-l
1455 1513 1590 1553 eadem
1612 1526 1751 1554 omnes
1780 1514 1885 1554 hona

177 1589 279 1628 l'ama
309 1585 426 1637 digna
459 1582 613 1627 fecisse,
651 1587 691 1620 et
720 1581 810 1632 quia
843 1579 1051 1631 adquirere
1086 1580 1092 1633 Ι
1128 1593 1249 1620 novas
1278 1580 1414 1621 laudes
1445 1581 1598 1620 mulieri
1629 1582 1679 1621 sit
1708 1582 1884 1630 arduom,

179 1666 299 1708 quom
338 1649 560 1692 minoribus
597 1646 861 1702 varietaltibus
899 1648 973 1688 vita
1013 1648 1192 1695 iactetur,
1238 1649 1499 1689 necessario¹⁰
1536 1649 1762 1689 communia
1800 1662 1885 1690 esse

179 1721 358 1774 colenda,
389 1732 440 1760 ne
470 1718 576 1770 quod
603 1715 610 1770 Ι
635 1717 820 1757 amissum
852 1729 899 1757 ex
927 1716 1039 1757 iustis
1068 1716 1315 1768 praecepteis
1350 1722 1481 1757 cetera
1512 1724 1657 1769 turpet.
1685 1715 1692 1772 Ι

294 1789 354 1830 Eo·
389 1787 577 1828 maiorem
614 1784 769 1824 laudem
809 1786 988 1824 omnium
1018 1784 1217 1825 carissima
1254 1784 1349 1824 mihi
1388 1787 1514 1824 mater
1542 1786 1706 1834 meruit,
1744 1783 1884 1841 quod}

181 1857 371 1899 modestia
408 1855 603 1908 probitate
634 1852 821 1906 pudicitia
862 1853 1052 1905 opsequio
1089 1852 1297 1893 lanificio¹¹
1334 1852 1535 1904 diligentia
1565 1852 1641 1893 fide
1682 1851 1689 1906 Ι
1729 1857 1802 1906 par
1830 1854 1886 1894 si-

181 1925 362 1977 milisque
401 1923 568 1964 cetereis
604 1920 766 1974 proheis
802 1921 960 1960 seminis
995 1921 1089 1967 fuit,
1131 1932 1262 1972 neque
1291 1920 1360 1960 ulli
1400 1921 1519 1960 cessit
1547 1918 1711 1974 vir'tutis
1742 1921 1886 1961 laboris

181 1992 396 2046 sapientiae
431 1990 699 2043 periculorum
712 1989 752 2035 ¹²,
791 1989 1043 2042 praecipuam
1086 1992 1153 2029 aut
1182 1995 1290 2028 certe
1322 1985 1329 2042 Ι
1370 1984 1489 2043 [nulli
1514 1990 1716 2030 secundam
1743 2002 1889 2030 memo—

182 2063 286 2100 riam
314 2058 390 2099 St'bt'
412 2053 648 2111 paralum„
689 2066 881 2110 (incertum
905 2076 1010 2109 quam
1032 2067 1143 2099 multa
1167 2066 1370 2108 perierint).

296 2124 439 2163 Bonae,
463 2126 639 2156 incertum
655 2133 726 2166 quo
742 2122 820 2156 loeo
836 2124 936 2155 urbis
951 2134 1036 2166 rep..
1062 2122 1184 2155 tabula
1200 2131 1332 2164 magua
1348 2131 1552 2155 marmorea
1579 2121 1649 2161 (Vl
1661 2122 1774 2157 40250
1796 2123 1889 2155 vidit

184 2182 354 2227 limen).
401 2180 455 2221 Cf.
471 2179 816 2222 RudorffAblzandl.
833 2179 928 2213 Berl.
945 2179 1061 2213 Akad.
1079 2179 1167 2213 4868
1180 2190 1216 2221 p.
1233 2178 1300 2212 217
1310 2189 1400 2220 seq.,·
1429 2178 1586 2211 Vollmer·
1602 2179 1722 2212 Jahrb.
1739 2178 1768 2218 f:
1785 2179 1886 2212 elan.

183 2239 382 2282 Philotogr'e
405 2237 531 2281 Suppl.
546 2235 671 2270 XVIII
683 2237 771 2270 1892
786 2246 822 2279 p.
834 2237 976 2279 484⁸0q.
1012 2235 1285 2278 lmeriptionem
1301 2245 1375 2267 ene
1391 2236 1522 2267 aetatis
1538 2235 1650 2268 bonae
1673 2234 1888 2279 (temporum

184 2295 519 2337 circiter-Augusti)
543 2293 696 2327 ostendit
711 2293 892 2326 scribendi
907 2295 1004 2325 ratio
1020 2291 1291 2334 (aestimatione.
1317 2292 1469 2325 meriteis
1484 2293 1570 2333 cet).
1608 2291 1791 2325 Notabiles
1805 2295 1889 2324 sunt

186 2354 304 2397 apieee
316 2352 450 2395 passim
474 2353 569 2383 inter
583 2349 729 2392 singula
749 2348 921 2381 vocabula
938 2349 1268 2391 inter-punctionum
1284 2347 1362 2381 loco
1377 2350 1506 2391 potita,
1529 2346 1650 2388 forma
1667 2359 1739 2381 non
1756 2348 1890 2381 diversi

186 2410 230 2444 ab
254 2409 414 2452 apicibus
437 2408 563 2451 quibus
587 2406 863 2449 distinguuntur
886 2405 1025 2438 vocales
1048 2405 1187 2447 longae.
1218 2423 1264 2430 —
1301 2406 1333 2445 1)
1356 2405 1509 2439 Femina
1531 2408 1718 2447 praeterea
1744 2408 1890 2448 ignota:

186 2475 253 2500 nec
284 2467 403 2499 niman
437 2467 583 2507 ignatus
616 2463 714 2504 filiun
745 2465 808 2506 qui
842 2464 935 2495 lianc
970 2462 1211 2495 laudationem
1239 2463 1385 2505 scr-ipsit
1407 2462 1463 2495 vel
1485 2463 1622 2495 habuit.
1656 2480 1702 2486 —-
1736 2463 1771 2502 2)
1795 2461 1890 2493 Haec

190 2532 259 2566 quo
281 2523 486 2565 pertineant
508 2531 580 2553 non
603 2521 824 2563 perspicitur
849 2520 926 2561 (sed
949 2518 997 2559 cll
1020 2517 1175 2559 Rudolff
1190 2518 1213 2552 Ι.
1231 2529 1260 2552 c.
1282 2529 1317 2561 p.
1333 2518 1430 2563 246).
1453 2538 1499 2543 —
1534 2521 1568 2559 3)
1594 2517 1647 2557 Cf.
1675 2517 1815 2560 Ulpian.
1838 2517 1887 2557 fr.

188 2578 244 2619 216,
258 2578 318 2611 25.
349 2577 434 2620 θὶς.
448 2578 504 2617 86,
520 2577 552 2618 4,
567 2577 627 2617 22,
641 2578 676 2611 5.
700 2595 746 2602 —
781 2579 817 2619 4)
843 2578 911 2611 Vir
935 2578 1004 2617 liic,
1031 2574 1223 2615 defunctae
1244 2579 1432 2618 superstes,
1458 2577 1607 2607 vitricus
1629 2573 1704 2613 fuit
1728 2576 1804 2605 eius
1827 2575 1891 2616 qui

188 2633 295 2666 verba
319 2631 478 2671 saeit—
502 2635 535 2674 5)
559 2632 704 2666 Bit-itur
727 2634 858 2666 mulier
881 2634 1088 2667 memoriam
1112 2634 1185 2665 viri
1209 2631 1372 2671 defuncti
1396 2635 1428 2664 et
1449 2632 1636 2675 propriam
1659 2630 1765 2669 fidem
1789 2632 1892 2672 quasi

190 2691 230 2722 in
254 2688 441 2722 eonsilium
464 2688 666 2724 advoc-aue.
703 2709 747 2715 —
789 2691 822 2732 6)
846 2690 955 2723 Filiis
978 2689 1144 2723 Mur-diae
1175 2700 1221 2722 ete
1251 2689 1388 2731 nuptiis
1418 2686 1591 2720 secundis.
1630 2706 1675 2711 —
1717 2688 1749 2728 7)
1780 2685 1889 2719 forum

191 2745 294 2787 Iapis.
324 2764 366 2769 —
406 2745 439 2786 8)
467 2743 686 2779 Testamenta
717 2748 789 2779 viri
810 2747 957 2787 prioris.
988 2765 1032 2770 —
1070 2747 1105 2786 9)
1130 2756 1162 2789 q.
1188 2755 1291 2789 quom
1318 2745 1416 2787 lapte.
1442 2763 1484 2767 —
1525 2744 1579 2785 10)
1604 2743 1751 2776 Excidit
1774 2741 1890 2786 sequi-

192 2804 247 2835 tur
271 2802 327 2834 ve!
340 2801 455 2834 simile
472 2801 569 2844 quid.
586 2820 631 2826 —
650 2803 705 2844 11)
721 2801 777 2842 Gr.
792 2801 838 2837 N.
852 2804 954 2837 8402.
968 2804 1058 2838 8405
1075 2813 1106 2837 v.
1122 2804 1155 2836 8.
1173 2821 1214 2827 —
1236 2803 1290 2843 12)
1314 2800 1482 2841 Intellege
1495 2799 1658 2843 pericula
1675 2800 1803 2843 quibus
1819 2801 1891 2831 vir-

191 2859 300 2891 tutem
324 2858 480 2890 laborem
494 2860 705 2901 :apientiam
721 2861 962 2903 comprobavit
979 2859 1048 2903 (eie
1061 2858 1139 2899 fere
1151 2858 1338 2899 hlamma).
1356 2876 1398 2881 —
1412 2856 1469 2898 13)
1487 2856 1673 2900 Supplevit
1690 2856 1890 2888 Mommsen.

304 2913 359 2947 De
381 2914 493 2946 simili
516 2916 679 2947 oratione
702 2915 824 2947 habita
847 2916 887 2948 in
910 2916 1080 2949 honorem
1104 2913 1275 2947 Matidiae
1299 2912 1347 2952 ef.
1370 2923 1480 2956 supra
1504 2911 1550 2947 Ν.
1566 2912 1637 2947 527
1660 2915 1732 2947 not.
1749 2913 1783 2945 2.

259 3077 398 3110 Dfflu,
417 3077 623 3112 lnam-§ptione-
640 3077 763 3105 Lnflnae
781 3079 818 3107 11.
1103 3047 1107 3054 Ι
1577 3071 1619 3104 59
