2196 3412
370 159 454 197 914
1098 156 1217 202 Caput
1238 155 1355 191 XVII.

485 272 600 319 8364
657 274 694 313 d.
725 286 777 313 m.
805 274 811 323 Ι
840 273 880 312 Ρ.
903 272 985 312 Ael.
1018 274 1115 322 Aug.
1148 271 1216 312 lib.
1248 269 1465 311 lobaeehus
1496 270 1590 311 fecit
1619 277 1658 312 et
1683 269 1690 326 Ι
1717 271 1946 324 pedaturam
1975 271 2084 312 dedit

372 349 463 382 ante
494 342 592 382 titul.
627 355 665 394 p.
696 340 817 388 XXX,
846 339 852 394 Ι
878 346 970 380 ante
1002 340 1134 378 fronte
1164 351 1202 391 p.
1226 337 1331 378 XXX
1360 345 1399 379 et
1427 340 1469 379 in
1500 351 1595 392 agro
1626 340 1760 392 quoq.¹
1789 337 1795 393 Ι
1822 352 1861 392 p.
1891 345 2084 381 centenos

371 411 565 451 Yacintho
583 413 667 457 (sic)
699 420 819 448 verna
849 420 921 447 suo
960 405 966 459 Ι
998 413 1037 445 et
1067 405 1140 446 sibi
1180 406 1291 446 liber.
1323 405 1408 446 lib.²
1446 406 1662 448 libertabus
1699 409 1781 448 suis
1821 404 2084 462 pos'terieque

373 490 524 519 eorum.
584 475 769 528 Excipit.³
802 476 881 515 itus
912 481 1021 516 aetus
1048 473 1054 529 Ι
1087 474 1215 515 aditus
1243 474 1413 515 ambitus
1444 475 1535 516 item
1565 488 1690 528 aquae
1720 477 1880 519 aeram.⁴
1906 474 1913 530 Ι
1948 476 2083 516 sunem

371 546 528 598 pistrini
560 545 665 584 furni
696 544 839 596 vir-gar.
870 544 966 596 ligni
1005 540 1011 596 Ι
1051 543 1253 583 sacrificiis
1283 543 1490 589 faciundis,
1522 550 1559 584 et
1590 551 1719 585 cetera
1749 556 1849 597 quae
1883 543 1890 598 Ι
1924 544 1964 584 in
1996 543 2084 596 lege

372 612 554 665 publica⁵
585 613 854 655 continentur.
918 611 1004 652 Hoc
1033 600 1348 666 moluumentum
1382 612 1566 652 heredem
1600 625 1679 653 uon
1702 613 1893 665 sequitur.
1919 611 1927 665 Ι
1960 611 2009 652 Η.
2030 623 2083 651 m.

372 683 409 722 d.
440 694 491 721 m.
522 694 555 720 a.
596 680 639 720 B.
672 693 721 723 m.
752 693 804 720 m.
836 680 887 720 c.⁶
913 677 920 735 Ι
948 680 1075 720 Orfito
1107 686 1146 718 et
1176 679 1311 720 Prisco
1342 681 1437 722 eos.⁷

485 747 616 781 Romae
640 745 835 792 (V140255
858 748 952 779 vidit
975 746 1143 789 Henzen).
1160 765 1205 771 —
1231 748 1263 789 1)
1289 748 1436 791 Quoquo
1462 746 1628 791 (versus).
1644 765 1691 771 -
1715 747 1750 789 2)
1773 746 1913 780 Liberis
1936 746 2084 781 liberm.

371 824 416 830 —
454 807 487 847 3)
512 805 718 848 Eoecipitur.
754 822 798 828 —
840 805 874 845 4)
899 804 1180 846 Aet-amentum.
1227 804 1443 837 Aer-amenta
1475 802 1536 844 (cll
1569 803 1607 836 ΙΙ
1627 803 1722 837 4074.
1751 803 1854 837 4478:
1886 803 1983 837 lacus
2007 812 2084 837 eum

374 860 591 901 aeramentis)
621 863 656 893 et
683 859 785 900 limis
809 861 1014 893 necessaria
1040 863 1126 893 sunt
1149 860 1197 892 ad
1219 870 1351 903 aquam
1375 871 1422 893 eae
1442 864 1552 903 puteo
1577 860 1815 893 hauriendam
1839 857 2009 904 (Wilm.).
2041 877 2084 883 —

374 921 408 960 5)
434 917 488 958 Gr.
511 928 622 960 supra
646 916 691 950 N.
707 918 806 951 7249.
839 917 892 951 VI
912 916 1029 950 49949,
1060 935 1107 940 -
1143 918 1178 957 6)
1203 916 1297 949 Bene
1320 918 1472 949 merenti
1494 918 1688 950 memoriae
1712 918 1844 950 causa?
1867 915 2021 959 (Orea).
2040 933 2086 939 —

372 977 407 1017 7)
433 976 474 1010 A.
491 975 564 1009 449.

484 1066 600 1113 8365
660 1068 702 1108 L.
723 1068 880 1121 Apisius
911 1067 952 1108 C.
985 1067 1011 1107 f.
1042 1066 1199 1119 Scaptia
1222 1066 1465 1120 Capitolinus
1491 1064 1497 1120 Ι
1524 1078 1570 1106 ex
1591 1071 1826 1106 testamento
1857 1066 1943 1106 fleri
1972 1065 2085 1106 iussit

376 1149 607 1177 monumen.
635 1134 641 1191 Ι
667 1136 898 1176 arbitratum
917 1141 1003 1180 (sic)
1034 1134 1223 1175 heredum
1255 1147 1434 1175 meorum
1466 1134 1539 1175 sibi
1570 1141 1610 1174 et
1639 1134 1734 1182 suis,
1765 1132 1772 1188 Ι
1808 1128 1873 1190 [ee]
1907 1162 2085 1175 ......

375 1206 414 1244 iu
438 1235 447 1243 .
471 1235 480 1244 .
504 1234 513 1243 .
547 1205 691 1244 nutrici
723 1200 859 1260 [me]ae
890 1203 994 1243 bene
1027 1202 1199 1249 meritae,

501 1285 541 1325 C.
578 1284 709 1337 ⁸tpisio
750 1284 792 1324 C.
824 1284 848 1323 1.
876 1281 883 1339 Ι
989 1284 1128 1324 Osciae
1170 1285 1215 1327 3.
1247 1283 1271 1326 1.
1303 1283 1444 1323 Primi·
1537 1283 1692 1335 Apisiae
1723 1282 1765 1322 C.
1797 1282 1822 1321 s.
1849 1279 1858 1336 Ι
1883 1281 1960 1321 Re-

501 1353 707 1406 Epaphrae
729 1352 851 1405 patri;
879 1350 886 1406 Ι
1058 1352 1197 1404 geniae
1224 1350 1229 1407 Ι
1256 1351 1392 1400 matri3
1537 1351 1694 1391 stitutae
1728 1349 1734 1403 Ι
1764 1349 1917 1398 sorori;
1951 1346 1960 1403 Ι

502 1421 543 1461 C.
574 1421 709 1474 Apisio
746 1419 788 1461 C.
825 1421 851 1461 f.
877 1419 883 1474 Ι
990 1418 1080 1463 (viri
1110 1419 1181 1452 duo
1211 1419 1369 1451 sedentes
1401 1418 1449 1451 ad
1539 1426 1578 1459 et
1607 1419 1758 1459 libertis
1798 1416 1804 1472 Ι
1842 1417 1960 1458 liber-

502 1489 682 1542 Capitoni
728 1490 837 1538 frat.;
877 1489 884 1544 Ι
990 1476 1160 1516 tabulam,
1184 1477 1224 1508 ²⁷⁸
1241 1485 1312 1518 ΨΜ
1326 1477 1446 1540 ΡῨῧῑεα
1539 1487 1694 1539 tabusq.
1733 1484 1740 1542 Ι
1776 1488 1874 1527 meis
1889 1497 1962 1539 po-

503 1558 544 1598 C.
576 1557 711 1610 Apisio
751 1556 792 1596 C.
825 1556 849 1596 l.
877 1554 884 1610 Ι
1035 1536 1197 1622 θζιυῖσῖ
1221 1531 1423 1623 Ῑπῗηηῖεἲ
1536 1555 1692 1608 sterisq.
1720 1552 1727 1611 Ι
1753 1566 1903 1595 eorum.
1930 1550 1938 1608 Ι

539 1625 659 1666 Felici
689 1627 802 1665 tatae.
837 1622 843 1678 Ι
1031 1600 1056 1623 ²⁴
1116 1599 1421 1691 ’ίζῖὁζζῖωη
1537 1623 1581 1664 ln
1604 1636 1664 1675 ag.
1687 1636 1726 1676 p.
1748 1622 1832 1671 xii,
1871 1619 1880 1676 Ι
1918 1621 1960 1661 in

503 1694 630 1734 Huius
644 1706 781 1734 monu.
799 1692 807 1748 Ι
825 1695 896 1734 do·
1609 1692 1658 1731 fr.
1692 1704 1730 1744 p.
1753 1689 1886 1732 XXIV.

503 1763 563 1802 lus
594 1762 683 1802 mal.
719 1759 726 1817 Ι
760 1762 896 1802 abesto

504 1838 543 1871 et
564 1828 570 1885 Ι
595 1830 691 1871 iuris
712 1831 897 1871 consult.¹

381 1900 424 1939 ln
458 1899 533 1938 hoo
563 1906 824 1939 monumento
855 1899 933 1938 itus
963 1898 1090 1937 aditus
1120 1895 1289 1937 ambitus
1318 1894 1471 1935 libertis
1500 1894 1755 1947 libertabusq.
1777 1894 1876 1935 meis
1904 1892 2054 1934 omnib.
2078 1890 2086 1947 Ι

380 1975 523 2021 pateat.
599 1966 723 2007 Heres
772 1965 947 2006 clavenn’
995 1966 1086 2006 dato
1135 1966 1180 2005 ad
1232 1963 1422 2004 sacrificia
1471 1963 1649 2004 facienda
1700 1963 2090 2016 quotiensquomque

381 2048 482 2088 opus
511 2035 598 2076 erit.

495 2102 625 2135 Romae
662 2102 731 2146 (VI
754 2101 868 2137 4245&
906 2101 997 2134 vidit
1024 2101 1193 2141 Henzen).
1232 2118 1277 2124 -
1319 2100 1350 2141 1)
1385 2098 1560 2132 Similiter·
1582 2098 1636 2132 VI
1654 2098 1751 2133 8861.
1774 2098 1877 2132 8862.
1900 2097 2022 2132 40325.
2048 2115 2089 2122 --

384 2160 416 2201 2)
443 2158 498 2198 Cf.
522 2157 567 2192 N.
584 2158 681 2193 7912.
704 2159 805 2193 8578.

503 2250 618 2296 8366
677 2281 851 2292 ......
885 2247 959 2307 [ι’]ῐ]
1001 2251 1113 2291 cuius
1153 2249 1159 2305 Ι
1203 2246 1292 2306 [loci
1335 2245 1383 2305 et]
1429 2248 1664 2288 monimenti
1705 2243 2091 2304 reliquistarquque

383 2332 547 2359 suarum
577 2319 769 2359 culturam
811 2319 818 2369 Ι
859 2316 993 2376 [dedi]t
1024 2318 1175 2358 libertis
1205 2313 1523 2371 libertabusstque
1551 2312 1650 2372 s]uis
1680 2329 1795 2357 usum
1827 2316 1999 2356 fructum
2029 2315 2091 2354 in·

387 2388 494 2428 sulae
520 2387 527 2439 Ι
555 2387 826 2428 ...alatiauae
857 2388 980 2440 partis
1012 2393 1173 2438 quartae
1205 2393 1244 2426 et
1269 2388 1275 2437 Ι
1302 2391 1463 2438 quartae
1494 2391 1533 2423 et
1564 2384 1799 2424 vicensimae
1829 2395 1931 2435 quae
1960 2382 2057 2423 iuris
2082 2379 2091 2436 Ι

386 2455 446 2495 sui
477 2462 592 2501 esset,
623 2454 674 2494 ita
706 2464 749 2497 ut
778 2470 825 2497 ex
857 2455 984 2496 reditu
1016 2455 1101 2494 eius
1131 2452 1295 2508 insufflae
1325 2453 1549 2506 quodannis
1578 2452 1641 2491 die
1674 2451 1810 2491 natalis
1839 2451 1900 2491 sui
1930 2456 1970 2491 et
1995 2447 2002 2502 Ι
2027 2462 2093 2490 ro·

387 2523 550 2563 sationis
579 2529 617 2562 et
647 2523 793 2562 violae¹
830 2528 868 2562 et
897 2521 1150 2574 parentalib.'
1177 2520 1183 2574 Ι
1209 2522 1438 2561 memoriam
1469 2520 1528 2559 sui
1561 2520 1748 2559 sacrificis
1778 2525 1917 2570 quater
1946 2519 1985 2558 in
2007 2514 2094 2571 anl-

390 2603 485 2631 num
516 2591 626 2631 factis
655 2590 870 2638 celebrent,
910 2597 949 2629 et
979 2595 1180 2641 praeterea
1212 2589 1361 2629 omnib.
1392 2588 1455 2634 k.³,
1498 2586 1504 2640 Ι
1547 2588 1676 2635 nonis,
1721 2587 1851 2627 idibus
1887 2586 1970 2627 suis
2007 2586 2096 2639 qui-

390 2659 504 2710 busq.
536 2658 703 2698 mensib.
734 2658 895 2698 lucerna
922 2657 928 2710 Ι
955 2657 1094 2697 lucens
1123 2656 1197 2696 sibi
1229 2663 1402 2707 ponatur
1431 2656 1596 2696 incenso
1627 2656 1814 2708 inposito.

483 2723 642 2766 mamae,
667 2727 740 2758 iam
758 2724 931 2758 Londinii
956 2723 1027 2767 (VI
1043 2723 1154 2757 40248
1176 2723 1269 2756 vidie
1284 2720 1476 2766 manner).
1498 2741 1543 2747 —
1570 2723 1602 2764 1)
1628 2722 1683 2761 Cf.
1707 2733 1817 2765 supra
1843 2719 1887 2755 Ν.
1902 2719 1994 2755 7216
2009 2718 2095 2753 ολδ

392 2781 481 2824 (nol.
498 2782 553 2815 27.
570 2782 645 2826 25).
670 2800 716 2806 ——
740 2783 774 2822 2)
800 2779 854 2820 Cf.
879 2779 925 2814 Ν.
939 2781 1040 2814 7258.
1065 2780 1162 2819 7267;
1187 2781 1269 2812 item
1294 2778 1339 2813 N.
1366 2779 1461 2813 ⁴919.
1485 2797 1531 2803 —-
1556 2780 1590 2818 3)
1617 2778 1796 2812 Kalendis.

501 2870 615 2917 8367
664 2874 700 2913 d.
724 2885 775 2913 m.
802 2872 809 2927 Ι
836 2873 1050 2913 liberorum
1081 2884 1127 2912 ae
1157 2870 1407 2927 conliugibus
1429 2871 1581 2911 Pubiici
1603 2869 1746 2926 Calislti
1776 2878 1816 2911 et
1845 2869 1969 2922 ipsius
1998 2880 2096 2908 con-

392 2948 585 2980 secratum
613 2939 619 2994 Ι
647 2954 734 2980 cum
768 2941 859 2981 bese
890 2941 1026 2981 vineae
1057 2940 1193 2993 arep.¹,
1225 2941 1232 2991 Ι
1267 2952 1313 2979 ex
1345 2940 1457 2979 cuius
1489 2939 1615 2979 reditu
1647 2939 1797 2980 omnib.
1823 2935 1831 2993 Ι
1857 2937 1973 2978 annis
2002 2947 2097 2988 pro·-

392 3006 504 3048 libari
535 3009 620 3048 volo
647 3006 653 3063 Ι
683 3022 731 3048 ne
762 3009 893 3049 minus
923 3008 986 3049 XV
1018 3021 1051 3048 v.
1083 3007 1157 3048 se.2
1182 3009 1189 3058 Ι
1215 3007 1262 3047 Η.
1293 3015 1320 3047 t.
1354 3008 1390 3047 h.
1426 3021 1463 3047 n.
1494 3008 1542 3048 s.³

509 3075 602 3108 noae
628 3076 810 3117 Augustas·
850 3075 935 3118 (XII
958 3075 1040 3109 ⁴⁶37
1079 3075 1169 3108 vidie
1194 3074 1428 3116 Hirschfeld).
1469 3093 1512 3098 —
1555 3075 1587 3116 1)
1618 3075 1817 3117 fir-apennis
1841 3074 1931 3112 (vox
1955 3070 2099 3112 Celtica,
