2196 3412
328 226 412 265 848
1065 225 1187 270 eaput
1208 223 1326 260 XVII.

436 340 549 387 ’7899
609 342 655 388 Q.
688 341 877 381 Caecilius
909 340 956 387 Q.
988 340 1013 379 l.
1055 337 1061 394 Ι
1102 339 1259 380 Primus
1299 339 1393 379 emit
1428 339 1469 379 in
1511 338 1518 394 Ι
1559 339 1805 380 monimento
1843 337 2031 392 palanga-

323 410 457 450 rioru¹
485 408 491 462 Ι
519 410 558 449 in
590 421 684 461 agro
706 409 939 455 Fonteiano,
971 406 1079 459 quod
1109 412 1168 447 est
1192 405 1199 462 Ι
1226 406 1286 446 via
1307 406 1462 447 Aurelia
1492 407 1535 447 in
1565 407 1665 448 clivo
1695 406 1860 456 rutario,
1887 403 1893 457 Ι
1918 410 2033 458 parte

323 477 567 518 sinisteriore
598 472 852 531 collumbaria
884 488 924 515 n.
954 474 987 515 X
1019 474 1185 515 ollarum
1218 472 1225 528 Ι
1260 487 1300 514 n.
1331 474 1492 524 XXXX,
1523 475 1599 516 sibi
1630 482 1670 516 et
1709 472 1725 530 ΙΙ
1766 474 1955 516 Caeciliae
1985 472 2034 520 Q.

324 545 371 592 Q.
402 544 447 584 1.²
474 544 600 584 Attice
635 542 641 597 Ι
675 543 837 595 coniugi
866 554 959 583 suae
990 547 1029 583 et
1054 540 1060 597 Ι
1097 542 1144 589 Q.
1177 541 1345 582 Caecilio
1376 542 1569 585 Successo
1599 543 1624 583 l.
1656 556 1728 584 suo
1755 541 1762 597 Ι
1796 549 1836 583 et
1865 541 1914 589 Q.
1935 540 2036 582 Cae-

324 612 414 653 cilio
446 611 591 651 Fructo
627 611 652 650 l.
683 623 769 660 suo,
809 609 816 664 Ι
856 615 896 651 et
932 610 1085 651 libertis
1124 610 1342 650 libertabus
1382 609 1388 665 Ι
1430 611 1511 651 suis
1548 612 1797 664 posterisque
1836 622 1989 651 eorum.
2025 608 2036 666 Ι

324 680 430 720 Haec
461 678 661 719 colubaria
679 682 764 727 (sic)
795 685 836 719 et
865 678 966 720 ollae
1005 678 1020 733 ΙΙ
1063 679 1140 719 alio
1172 678 1334 718 nomine
1360 676 1366 732 Ι
1403 679 1603 719 neminem
1632 685 1853 731 sequentur
1877 676 1885 734 Ι
1911 685 1952 720 et
1980 679 2036 719 ita

324 755 368 788 ut
397 759 487 787 area
518 759 618 799 quae
645 745 652 802 Ι
693 748 728 788 ei
758 747 861 787 cedit
890 746 1137 787 monimento
1179 743 1186 800 Ι
1227 746 1387 786 eomm.⁸
1416 747 1485 800 upi
1503 747 1614 795 (εἰσιν
1644 747 1759 787 liceat
1787 752 1828 787 et
1865 745 1873 799 Ι
1913 745 2035 787 sacri·

330 816 462 856 ficium
495 816 635 856 facere.

438 882 571 916 Romae
601 882 650 915 ad
671 884 767 915 viam
790 882 976 915 Aureliam
1000 893 1074 925 rep.
1103 883 1143 914 in
1167 884 1404 923 monumento,
1435 882 1478 915 de
1501 892 1570 925 quo
1596 884 1670 924 egit
1692 881 1899 915 Fabatum
1922 881 2035 914 inser.

323 951 360 983 p.
377 940 431 983 10,
460 950 557 973 nunc
583 939 712 975 Urbim·
737 938 809 981 (VI
820 939 910 974 7805
934 938 982 979 es:
1002 950 1039 982 p.
1054 939 1148 973 5452
1174 938 1269 971 vidit
1282 938 1503 982 Bormann).
1527 957 1574 963 --
1598 939 1630 981 1)
1655 937 1894 981 Phalangan'i
1908 946 2038 970 merno-

325 999 458 1029 rantur
474 998 580 1029 otiam
600 996 649 1030 VI
664 995 750 1029 1785
762 994 819 1041 (=
834 996 977 1029 Henzen
992 997 1109 1038 5089).
1123 1014 1167 1019 -—-
1185 996 1218 1037 2)
1236 995 1402 1028 Duorum
1415 995 1631 1037 Quintorum
1649 994 1809 1028 libertae.
1822 1012 1868 1019 --
1884 994 1918 1036 3)
1938 992 2039 1028 Gon-

327 1054 493 1085 munitor.
518 1072 563 1076 —
588 1054 622 1091 4)
647 1052 724 1086 Ser.
749 1053 810 1085 uti.

442 1121 586 1167 79002
631 1124 682 1163 Μ.
703 1123 893 1163 Aemilius
922 1123 973 1164 M.
992 1124 1017 1163 l.
1039 1126 1210 1163 Anteros
1241 1122 1404 1162 decurio
1430 1121 1437 1177 Ι
1463 1123 1628 1175 primus,
1662 1123 1758 1163 ollas
1788 1121 1908 1162 habet
1936 1133 2036 1162 con-

327 1193 502 1232 tinentes
536 1190 543 1245 Ι
576 1190 639 1231 VI.
687 1191 739 1231 M.
770 1190 958 1232 Aemilius
988 1190 1038 1230 M.
1068 1190 1094 1231 l.
1126 1190 1330 1231 Aescinus.
1364 1187 1372 1245 Ι
1401 1190 1565 1231 Aemilia
1594 1190 1645 1230 M.
1676 1190 1702 1230 l.
1733 1190 1906 1231 Simene.
1943 1187 1951 1243 Ι
1985 1189 2035 1233 Μ.

328 1261 516 1302 Aemilius
547 1261 597 1301 M.
628 1260 680 1300 M.
711 1260 735 1303 l.
770 1259 898 1300 Gihllo
917 1263 1012 1308 (sic).

442 1338 587 1385 ’790οῧ
635 1340 677 1380 P.
707 1339 912 1380 Numicius
942 1339 986 1381 P.
1017 1338 1042 1378 l.
1075 1338 1256 1379 Berullus
1281 1336 1287 1392 Ι
1325 1338 1410 1378 dec.
1440 1337 1560 1377 habet
1590 1338 1686 1378 ollas
1716 1337 1968 1378 continentes
1988 1336 2038 1376 Vl

329 1409 492 1462 primus,
521 1406 527 1462 Ι
553 1408 627 1449 sibi
658 1414 698 1448 et
727 1408 821 1448 suis.
848 1406 854 1462 Ι
882 1408 1011 1447 Afraia
1039 1405 1085 1447 ἱ).
1116 1407 1141 1446 l.
1173 1406 1295 1446 Italia.

444 1486 587 1532 Ι7900ο
636 1488 814 1540 Anoptes
842 1485 848 1540 Ι
874 1486 1046 1534 Numici,
1077 1485 1174 1526 ollas
1204 1485 1276 1525 1111
1303 1483 1310 1540 Ι
1337 1485 1604 1526 continentes.

444 1554 577 1588 Romae
600 1554 686 1588 olim
708 1555 760 1586 ibi
775 1555 837 1587 ubi
852 1552 898 1588 N.
914 1554 1013 1595 7889,
1036 1551 1194 1593 fortasse
1209 1563 1284 1595 rep.
1305 1562 1386 1586 eum
1401 1551 1447 1586 N.
1462 1551 1549 1585 7899
1566 1551 1636 1596 (V1
1651 1552 1773 1586 10558.
1790 1551 1910 1586 10578.
1925 1550 2041 1586 55264

331 1613 440 1645 deser.
464 1611 686 1651 Fabrettius,
710 1612 853 1643 tertiam
876 1610 1063 1643 Bononiae
1086 1609 1180 1641 vidit
1201 1608 1419 1653 Bor-mann).

444 1692 581 1739 '79012
621 1691 677 1750 [L.
694 1690 894 1747 Abuccius]
923 1688 1148 1748 Ner[e]us¹{
1172 1698 1212 1731 et
1228 1691 1399 1731 Abuccia
1423 1668 1571 1730 ἦνῆν
1597 1690 1603 1745 Ι
1630 1690 1827 1743 porticum
1851 1686 2038 1744 scamna}

331 1775 489 1803 mensas
519 1761 736 1802 collibertis
761 1758 768 1816 Ι
794 1761 876 1801 suis
905 1772 977 1800 sua
1005 1771 1151 1812 peeun.
1183 1758 1222 1798 d.
1253 1758 1291 1798 d.

444 1838 583 1886 '7901b
622 1841 667 1882 L.
686 1840 835 1880 Abucci
854 1839 1032 1893 Myronis
1065 1837 1071 1892 Ι
1106 1838 1184 1878 hoc
1214 1837 1354 1877 ordine
1385 1837 1437 1879 ol.
1458 1836 1555 1886 1111,
1590 1834 1597 1891 Ι
1632 1836 1873 1877 columbario
1895 1835 1913 1876 1
1934 1841 1973 1876 et
1993 1835 2042 1877 11.

444 1918 580 1966 7901·3
622 1920 666 1960 L.
689 1901 888 1959 Abuccius
918 1918 1083 1958 Hermes
1112 1918 1153 1957 in
1185 1917 1261 1957 hoc
1288 1914 1294 1971 Ι
1321 1916 1459 1956 ordine
1490 1915 1538 1956 ab
1569 1916 1649 1956 imo
1679 1915 1726 1956 ad
1756 1928 1914 1957 sumum
1939 1913 1947 1971 Ι
1973 1928 2043 1956 co-

332 1988 525 2029 lumbaria
556 1987 609 2028 IX
639 1987 738 2028 ollae
768 1986 874 2027 XlIX
900 1984 908 2039 Ι
933 1985 1007 2026 sibi
1037 1985 1287 2038 posterisque
1317 1984 1411 2026 suis.
1437 1983 1444 2039 Ι
1470 1984 1516 2024 L.
1538 1983 1689 2025 Abucci
1715 1984 1759 2024 L.
1781 1984 1807 2024 l.
1829 1983 1976 2025 Severi.

446 2062 587 2112 ’7901ῑἰ
626 2067 669 2107 L.
691 2065 841 2107 Abucci
863 2065 985 2113 Casti,
1018 2065 1214 2106 Abucciae
1235 2065 1375 2113 Aurae,
1416 2067 1424 2117 Ι
1466 2064 1508 2104 L.
1531 2064 1679 2104 Abucci
1699 2063 1878 2113 Maximi,
1912 2062 2046 2104 Abuc-

335 2137 416 2176 ciae
448 2135 612 2176 Hedone
639 2132 646 2190 Ι
673 2134 747 2174 col.
769 2133 856 2174 Vlll
886 2133 984 2174 ollae
1015 2146 1055 2173 n.
1078 2132 1163 2173 xvl
1193 2132 1288 2173 linia
1318 2139 1525 2186 perpetua.

447 2213 579 2259 7901⁶
626 2214 671 2254 L.
694 2213 892 2254 Abuccius
912 2213 1112 2266 Bathyllus
1137 2212 1143 2267 Ι
1171 2213 1266 2253 linia
1296 2219 1489 2266 perpetua
1519 2212 1566 2253 ad
1592 2213 1599 2266 Ι
1626 2225 1782 2253 summu
1814 2211 1864 2252 ol.
1889 2209 1988 2252 XVI.

447 2290 580 2339 7901?
627 2294 671 2333 L.
692 2293 890 2334 Abuccius
911 2293 1087 2333 Phileros
1114 2291 1121 2346 Ι
1145 2292 1221 2332 sibi
1252 2297 1291 2332 et
1318 2291 1482 2332 Heroini
1514 2292 1540 2332 l.
1571 2304 1666 2332 suae
1695 2290 1904 2344 posterisq.
1925 2302 2008 2331 eor.
2035 2286 2044 2346 Ι

337 2369 376 2403 et
404 2363 478 2403 sub
508 2362 609 2402 scala
641 2361 738 2402 ollas
758 2362 807 2401 VI
833 2359 839 2416 Ι
867 2361 959 2401 linia
988 2366 1180 2414 perpetua
1211 2361 1259 2400 ad
1290 2372 1446 2401 summu
1479 2360 1530 2400 ol.
1558 2359 1658 2400 XVI.

449 2438 592 2485 ‘7901ss
636 2441 680 2480 L.
712 2440 910 2481 Abuccius
940 2440 1105 2480 Hermes
1146 2438 1267 2495 'sibi
1304 2446 1344 2480 et
1383 2436 1390 2494 Ι
1430 2438 1562 2492 Tyche
1592 2438 1618 2478 l.
1648 2449 1761 2486 suae,
1803 2434 1810 2491 Ι
1849 2437 1898 2477 ab
1929 2437 2044 2478 titulo

337 2521 472 2550 susum
503 2508 554 2549 ol.
586 2508 686 2549 XIX.

450 2575 581 2609 Romae
598 2575 683 2608 olim
699 2577 737 2607 in
755 2575 901 2608 aedibus
914 2575 1080 2617 privatis,
1105 2585 1151 2607 ez
1167 2574 1287 2608 eodem
1310 2575 1387 2607 sine
1404 2573 1513 2607 dubio
1529 2573 1691 2616 sepulcro
1707 2572 1850 2606 ablatae
1865 2571 1920 2612 (V
1918 2571 1937 2605 1
1948 2571 2047 2606 8117.

338 2633 441 2667 8155.
455 2632 559 2666 8122.
574 2631 676 2665 8125.
691 2631 790 2665 8124.
806 2631 909 2665 8125.
926 2629 1012 2664 8169
1036 2629 1085 2669 cf.
1109 2641 1143 2673 p.
1162 2630 1252 2664 3455
1277 2640 1395 2663 omnes
1418 2629 1529 2663 deser.
1545 2639 1636 2662 mee.
1649 2628 1753 2662 XVII
1777 2628 1927 2667 Gudius.
1948 2631 2048 2671 poet·

339 2700 456 2723 remae
478 2692 617 2733 partem
641 2690 680 2721 in
698 2699 816 2720 museo
834 2687 1010 2721 Vaticano
1036 2687 1126 2720 vidit
1143 2687 1316 2729 Henzen).
1332 2706 1377 2712 —
1404 2687 1435 2728 1)
1460 2686 1570 2719 Iidem
1586 2686 1745 2718 homines
1772 2685 1823 2719 VI
1835 2685 1934 2720 8118.
1947 2685 2048 2720 8119.

453 2767 568 2815 7902
626 2770 668 2809 P.
689 2769 855 2809 Naevius
876 2769 1013 2809 Donax
1039 2767 1045 2823 Ι
1072 2768 1145 2808 sibi
1177 2774 1217 2808 et
1245 2769 1326 2808 suis
1352 2765 1359 2821 Ι
1384 2767 1479 2808 linia
1509 2767 1526 2806 l
1558 2767 1653 2807 ollas
1685 2778 1794 2806 num.
1815 2766 1865 2806 VI
1900 2765 1909 2820 Ι
1941 2777 2045 2819 emp.

340 2840 389 2877 de
421 2837 615 2890 Ampudio
646 2837 821 2878 Cariton.

455 2902 596 2946 Romae,
619 2906 692 2937 r'am
716 2904 902 2938 Bononiae
925 2902 999 2947 (VI
1017 2903 1134 2938 22826
1156 2902 1248 2936 vidit
1271 2902 1483 2942 Bor-mann).

455 2983 600 3029 ’79028
636 2988 680 3026 A.
703 2986 869 3038 Dulpius
899 2988 943 3026 A.
974 2985 999 3026 l.
1031 2983 1155 3026 Cerdo
1190 2983 1197 3038 Ι
1230 2985 1270 3025 in
1302 2982 1470 3025 viridiar.
1502 2983 1597 3024 ollas
1628 2985 1708 3023 tres
1741 2980 1749 3037 Ι
1781 2982 2047 3028 continentes,

343 3053 383 3093 in
415 3064 590 3093 monum.
623 3053 717 3092 ollas
747 3052 809 3092 Vl.

457 3118 598 3162 Romae,
622 3120 695 3153 iam
722 3118 849 3155 Urbim·
872 3118 923 3159 (V
926 3120 941 3153 1
964 3119 1072 3154 17075
1094 3119 1186 3152 υἰάόι
1210 3118 1421 3161 Burmann).
