2196 3412
366 206 388 244 7
393 206 447 245 82
1101 206 1221 251 caput
1243 206 1342 243 XVI.

697 332 874 374 paupere
903 322 1139 375 progenitus
1169 321 1251 363 lare
1281 334 1370 364 sum
1402 335 1564 377 parvoq.
1595 332 1760 379 parente

757 387 872 428 cuius
902 399 979 427 nec
1009 399 1155 428 census
1186 400 1319 440 neque
1348 389 1491 430 domus
1520 391 1661 431 suerat.

655 459 675 492 5
695 452 754 493 Ex
784 465 866 505 quo
896 465 985 493 sum
1015 453 1189 505 genitus,
1219 454 1303 494 ruri
1333 466 1421 495 mea
1449 455 1525 496 vixi
1555 456 1744 508 colendo;

750 530 827 558 nec
857 518 940 559 ruri
972 530 1092 572 pausa
1125 531 1201 559 nec
1231 519 1327 560 mihi
1356 532 1519 574 semper
1543 528 1641 564 erat.

695 582 746 623 Et
775 595 866 624 cum
896 591 1070 625 maturas
1100 591 1255 637 segetes
1284 585 1527 638 produxerat
1560 599 1704 638 annus,

750 649 953 690 demessor
983 650 1121 691 calami
1151 657 1249 691 tunc
1285 663 1360 704 ego
1390 652 1542 705 primus
1571 665 1691 694 eram.

691 714 883 756 Falcisera
915 728 1006 757 cum
1039 723 1166 758 turma
1198 718 1328 758 virum
1357 725 1606 771 processerat
1633 720 1749 768 arvis,

635 787 673 820 10
748 793 820 822 seu
851 782 980 823 Cirtae
1012 783 1235 824 Nomados²
1262 796 1334 824 seu
1363 783 1466 825 Iovis
1495 784 1607 825 arva⁸
1637 792 1789 838 petens,

692 847 894 888 demessor
925 854 1094 890 cunctos
1124 848 1324 890 anteibam
1355 850 1510 903 primus
1539 850 1580 891 in
1612 851 1727 901 arvis,

744 928 818 969 pos
849 922 985 970 tergus
1015 917 1203 970 linquens
1233 918 1356 959 densa
1386 931 1518 959 meum
1547 920 1732 971 gremia⁴.

690 984 758 1025 Bis
787 998 904 1027 senas
935 999 1084 1027 messes
1113 987 1251 1027 rabido
1282 987 1356 1029 sub
1387 987 1472 1029 sole
1502 989 1675 1037 totondi,

747 1053 891 1095 ductor
921 1060 961 1095 et
990 1067 1038 1095 ex
1068 1055 1213 1108 opere⁸
1253 1063 1390 1109 postea
1420 1058 1548 1098 factus
1578 1069 1698 1098 eram.

633 1128 671 1161 15
692 1121 884 1163 Undecim
915 1129 955 1164 et
984 1129 1134 1165 turmas
1164 1136 1385 1166 messorum
1417 1125 1600 1167 duximus
1628 1126 1757 1175 annis,

747 1198 787 1231 et
815 1191 1008 1232 Numidae
1038 1204 1200 1246 campos
1230 1199 1366 1234 nostra
1397 1206 1540 1235 manus
1570 1195 1707 1235 secuit.

689 1258 764 1299 Hic
794 1258 906 1300 labor
936 1266 976 1300 et
1004 1261 1078 1301 vita
1110 1273 1231 1314 parvo
1264 1268 1381 1302 conta
1407 1264 1493 1311 (sie)
1523 1262 1651 1303 valere

746 1333 786 1368 et
814 1327 1020 1369 dominum
1052 1330 1182 1370 fecere
1212 1330 1354 1371 domus
1385 1336 1425 1370 et
1454 1330 1542 1371 villa
1572 1337 1757 1384 paratast,

686 1401 726 1436 et
757 1396 875 1438 nullis
906 1397 1050 1450 opibus
1080 1398 1232 1451 indiget
1261 1398 1346 1451 ipsa
1376 1398 1531 1439 domus.

628 1470 668 1504 20
744 1463 796 1505 Et
826 1471 960 1506 nostra
989 1466 1065 1507 vita
1096 1467 1250 1508 fructus
1279 1468 1459 1520 percepit
1487 1467 1710 1516 honorum;

745 1533 851 1573 inter
881 1535 1131 1589 conscriptos
1161 1536 1334 1577 scribtus
1364 1542 1404 1576 et
1432 1537 1518 1589 ipse
1547 1536 1618 1577 fui.

688 1601 849 1643 Ordinis
878 1603 919 1643 in
951 1604 1126 1656 templo⁶
1155 1605 1332 1646 delectus
1362 1605 1410 1645 ab
1442 1605 1582 1646 ordine
1612 1604 1712 1654 sedi,

743 1677 782 1711 et
812 1671 860 1712 de
890 1672 1081 1713 rusticulo
1113 1685 1257 1714 censor
1287 1679 1326 1714 et
1355 1674 1440 1727 ipse
1471 1674 1541 1714 fui.

685 1738 737 1779 Et
766 1740 887 1793 genui
918 1747 959 1781 et
988 1741 1065 1781 vidi
1095 1741 1258 1783 iuvenes
1288 1755 1442 1796 carosq.
1475 1748 1654 1795 nepotes.

627 1813 667 1846 25
685 1807 795 1848 Vitae
826 1821 900 1861 pro
931 1809 1084 1850 meritis
1114 1810 1242 1851 claros
1271 1811 1537 1863 transegimus
1566 1822 1694 1851 annos

743 1889 844 1929 quos
875 1877 986 1918 nullo
1015 1878 1149 1931 lingua
1181 1879 1348 1920 crimine
1379 1879 1496 1919 laedit
1525 1885 1650 1920 atrox.

685 1944 830 1986 Discite
860 1947 1048 1987 mortales
1077 1947 1164 1988 sine
1195 1948 1362 1988 crimine
1391 1948 1535 2000 degere
1565 1947 1695 1989 vitam.

741 2014 806 2054 Sic
836 2015 994 2063 meruit,
1025 2016 1119 2056 vixit
1149 2017 1217 2069 qui
1247 2017 1333 2057 sine
1363 2017 1513 2065 fraude,
1545 2016 1658 2056 mori.

353 2087 412 2127 (ln
436 2087 548 2122 latere
569 2091 734 2133 einistro)
766 2081 804 2122 d.
836 2094 887 2123 m.
917 2096 948 2124 s.
977 2081 984 2138 Ι
1011 2082 1051 2126 C.
1081 2084 1274 2125 Mulceius
1299 2083 1306 2139 Ι
1332 2084 1524 2126 Maximus
1550 2082 1557 2137 Ι
1590 2080 1714 2140 vixist]
1744 2097 1809 2125 an.
1841 2084 1957 2125 XXX.
2006 2088 2066 2135 (ln

353 2152 466 2187 latore
489 2155 634 2200 dextro)
661 2143 713 2203 [d.
742 2160 795 2189 m.
825 2145 872 2205 s.]
900 2146 907 2204 Ι
935 2150 975 2190 S.
1006 2147 1236 2207 Au[reli]lus
1266 2150 1296 2190 F
1314 2180 1323 2190 .
1342 2181 1351 2191 .
1369 2148 1486 2206 ,inus
1515 2151 1590 2191 vix.
1618 2149 1626 2205 Ι
1651 2163 1716 2192 an.
1746 2149 1827 2191 XL.

466 2211 624 2246 Mactari
646 2215 686 2247 in
710 2214 870 2260 Byzacio
895 2228 968 2261 rep.
976 2244 987 2261 ‚
1019 2221 1070 2251 est
1093 2220 1243 2253 Parisiis
1273 2218 1381 2260 (VIII
1403 2218 1439 2253 S.
1457 2218 1567 2253 44824
1599 2218 1725 2251 titulus
1746 2219 1902 2261 scriptus
1932 2217 2065 2252 [ἰείη-ἑο

351 2268 554 2303 uncialibus
578 2282 612 2313 q.
629 2271 684 2314 d.‚·
706 2274 828 2316 imago
854 2274 890 2309 G.
910 2285 942 2308 r.
967 2275 1010 2308 de
1035 2275 1177 2310 l'Acad.
1202 2276 1263 2309 des
1286 2277 1396 2310 inser.
1414 2275 1500 2309 4884
1519 2275 1611 2318 p.64
1630 2275 1722 2317 tab.,·
1745 2275 2067 2319 Palaeograplaieat

352 2324 496 2370 Sociecy
511 2337 580 2361 cer.
598 2328 638 2361 11
651 2330 723 2364 tab.
735 2329 804 2375 49).
843 2331 1038 2365 Buecheler·
1053 2342 1164 2367 carm.
1181 2334 1296 2376 epigr.
1315 2332 1417 2367 1258.
1442 2351 1485 2356 —
1511 2333 1542 2374 t)
1567 2331 1629 2365 Sic
1653 2329 1844 2372 Villefoue
1858 2336 1893 2365 ee
1907 2330 2063 2373 Hie-lion,

352 2383 495 2415 reiectis
518 2385 569 2416 eis
598 2395 689 2427 quae
709 2386 821 2429 plura
851 2390 889 2420 in
915 2389 1037 2422 tabula
1062 2389 1250 2433 Palaeogr.
1275 2389 1354 2424 Soc.
1380 2390 1497 2432 legero
1524 2389 1594 2422 eibi
1616 2389 1714 2421 viem
1737 2390 1817 2422 erae
1842 2387 2065 2422 Cholodniak

352 2440 429 2482 eph.
454 2441 588 2475 minist.
613 2452 705 2477 ruse.
729 2445 832 2478 ἡκεν.
851 2445 952 2488 publ.
977 2445 1048 2479 282
1073 2446 1153 2487 [Iul.
1169 2447 1265 2489 Aug.
1281 2447 1393 2488 48921.
1415 2465 1460 2471 -
1486 2447 1520 2488 2)
1540 2444 1635 2479 Nota
1652 2444 1702 2478 ad
1718 2444 1854 2479 ciream
1868 2444 2063 2479 Numidtae

350 2505 522 2530 moesone
545 2499 600 2531 ire
622 2499 749 2533 solitos
771 2511 844 2533 esse
871 2502 928 2534 vel
950 2513 996 2535 eoe
1017 2504 1207 2546 provincia
1231 2503 1434 2547 Byzacena.
1483 2500 1632 2542 Confert
1654 2501 1891 2536 Mommsenus
1914 2501 2060 2536 Sueten.

352 2552 455 2596 Vesp.
473 2554 504 2595 4,
535 2555 598 2588 ubi
622 2558 674 2588 est
696 2558 829 2590 mentio
854 2569 1045 2601 operar-um
1076 2570 1167 2603 quae
1197 2571 1243 2592 ea:
1270 2559 1413 2594 Umbria
1437 2561 1476 2592 in
1499 2558 1653 2593 Sabinos
1676 2559 1726 2591 ad
1747 2559 1925 2592 coenarum
1954 2567 2061 2601 agro·

350 2620 432 2643 rum
449 2614 645 2653 quotannis
662 2623 860 2648 commeare
875 2616 1044 2650 solebant.
1061 2635 1106 2641 —
1131 2618 1166 2658 3)
1183 2617 1277 2650 Iovis
1294 2626 1382 2649 arva
1398 2618 1538 2658 ignota.
1554 2633 1600 2640 ——
1623 2617 1658 2658 4)
1674 2614 1845 2659 Intellego
1859 2615 2062 2660 manipulos

351 2666 419 2709 (cll
446 2669 559 2702 Havee
581 2670 717 2704 Archiv
741 2669 770 2712 Ῑί
796 2671 859 2707 lae.
883 2672 1171 2717 Leoeicographie
1195 2673 1230 2706 ΙΙ
1250 2684 1287 2717 p.
1304 2673 1400 2714 455).
1437 2691 1479 2697 -—
1518 2674 1552 2714 5)
1576 2672 1762 2715 Intellego:
1793 2683 1840 2706 σω
1863 2682 1984 2715 opem.
2015 2690 2061 2697 -—

350 2726 386 2766 6)
410 2726 452 2758 In
477 2728 591 2762 curia.
642 2726 696 2768 Cf.
719 2739 830 2772 supra
855 2728 898 2763 Ν.
915 2731 1019 2764 5320.

462 2806 578 2853 7458
636 2810 674 2850 b.
706 2823 757 2851 m.
788 2812 835 2852 s.²
867 2811 971 2852 fideii
1002 2812 1041 2851 in
1070 2826 1152 2865 χρο
1188 2811 1344 2851 lbesum
1371 2810 1377 2866 Ι
1406 2811 1562 2859 Hireni,
1594 2822 1671 2862 que
1701 2811 1797 2851 vixit
1824 2810 1940 2851 annis
1958 2808 2059 2850 va

351 2889 402 2917 m.
427 2877 511 2918 Vlll
538 2876 545 2931 Ι
571 2878 607 2918 d.
640 2879 692 2928 X,
725 2881 788 2920 cui
821 2880 923 2921 bene
954 2880 1047 2921 fecit
1075 2879 1134 2919 vir
1163 2879 1260 2920 eius.
1309 2879 1501 2921 precessit
1530 2876 1668 2935 fildelis
1699 2879 1739 2919 in
1771 2890 1881 2932 pace.
1927 2878 2058 2932 Depo-

348 2945 421 2986 sita
453 2944 573 2986 xvul
606 2947 680 2988 kal.
712 2948 850 2998 Maias;
879 2946 884 3003 Ι
912 2961 989 3001 que
1020 2948 1094 2989 suit
1123 2947 1327 2988 conduct?
1356 2948 1424 2989 m.⁸
1453 2947 1732 3001 Trapeianae⁴.

467 3012 625 3056 Tropeae
658 3016 697 3047 in
729 3015 834 3048 litore
858 3016 1001 3048 Bruttio
1034 3014 1085 3059 (X
1103 3014 1189 3048 8076
1218 3016 1412 3058 imaginem
1436 3014 1534 3048 dedit
1559 3015 1602 3048 de
1618 3013 1719 3048 Roeei
1742 3013 1827 3048 buu.
1850 3015 1950 3047 erist.
1974 3013 2058 3048 ⁴⁸77

349 3070 420 3103 lab.
441 3069 511 3103 VII
531 3069 595 3113 fig.
609 3070 626 3103 4
652 3069 701 3110 cs:
716 3081 750 3114 p.
763 3071 838 3115 87).
853 3091 897 3096 ——
924 3073 955 3114 l)
972 3071 1095 3105 Bonae
1110 3073 1303 3104 momoriae
1318 3082 1472 3105 eaerum.
1487 3090 1532 3096 -—-
1556 3072 1589 3114 2)
1609 3071 1845 3113 Conductrioe,
1868 3072 1903 3113 3)
1919 3080 2058 3104 massae

349 3126 408 3166 (de
425 3125 555 3171 Rani).
579 3145 625 3151 —
648 3129 684 3171 4)
709 3128 794 3162 Inde
818 3133 937 3162 ortum
962 3139 1033 3161 etse
1058 3128 1271 3161 hodiernum
1295 3138 1422 3161 nomen
1451 3127 1587 3172 Tropea
1611 3129 1772 3172 apparel.
