<?xml version="1.0" encoding="UTF-8"?>
<!DOCTYPE html PUBLIC "-//W3C//DTD XHTML 1.0 Transitional//EN"
    "http://www.w3.org/TR/xhtml1/DTD/xhtml1-transitional.dtd">
<html xmlns="http://www.w3.org/1999/xhtml" xml:lang="en" lang="en">
 <head>
  <title>
</title>
<meta http-equiv="Content-Type" content="text/html;charset=utf-8" />
  <meta name='ocr-system' content='tesseract 3.04.00' />
  <meta name='ocr-capabilities' content='ocr_page ocr_carea ocr_par ocr_line ocrx_word'/>
</head>
<body>
  <div class='ocr_page' id='page_1' title='image "./inscriptioneslat22dessuoft_0175.png"; bbox 0 0 2196 3412; ppageno 0'>
   <div class='ocr_carea' id='block_1_1' title="bbox 614 130 1871 182">
    <p class='ocr_par' dir='ltr' id='par_1_1' title="bbox 614 130 1871 182">
     <span class='ocr_line' id='line_1_1' title="bbox 614 130 1871 182; baseline -0.001 -12"><span class='ocrx_word' id='word_1_1' title='bbox 614 133 729 171; x_wconf 68' lang='lat' dir='ltr'>ntuli</span> <span class='ocrx_word' id='word_1_2' title='bbox 753 132 987 182; x_wconf 65' lang='lat' dir='ltr'>sepulcrale·-</span> <span class='ocrx_word' id='word_1_3' title='bbox 1009 152 1054 160; x_wconf 89' lang='lat'>—</span> <span class='ocrx_word' id='word_1_4' title='bbox 1077 132 1163 168; x_wconf 79' lang='grc' dir='ltr'>Ῑιη</span> <span class='ocrx_word' id='word_1_5' title='bbox 1186 131 1446 178; x_wconf 71' lang='lat' dir='ltr'>sepulcrorum.</span> <span class='ocrx_word' id='word_1_6' title='bbox 1785 130 1871 169; x_wconf 78' lang='lat'>908</span> 
     </span>
    </p>
   </div>
   <div class='ocr_carea' id='block_1_2' title="bbox 163 245 1871 360">
    <p class='ocr_par' dir='ltr' id='par_1_2' title="bbox 163 245 1871 360">
     <span class='ocr_line' id='line_1_2' title="bbox 163 245 1871 306; baseline -0.004 -13"><span class='ocrx_word' id='word_1_7' title='bbox 163 262 253 293; x_wconf 74' lang='lat' dir='ltr'>rum</span> <span class='ocrx_word' id='word_1_8' title='bbox 277 250 285 306; x_wconf 93' lang='grc' dir='ltr'>Ι</span> <span class='ocrx_word' id='word_1_9' title='bbox 311 250 413 302; x_wconf 54' lang='lat'>(1933</span> <span class='ocrx_word' id='word_1_10' title='bbox 440 250 622 291; x_wconf 57' lang='lat' dir='ltr'>uteri‘et</span> <span class='ocrx_word' id='word_1_11' title='bbox 641 248 770 290; x_wconf 84' lang='lat' dir='ltr'>liberti</span> <span class='ocrx_word' id='word_1_12' title='bbox 791 249 869 290; x_wconf 85' lang='lat' dir='ltr'>mei</span> <span class='ocrx_word' id='word_1_13' title='bbox 894 250 903 300; x_wconf 91' lang='grc' dir='ltr'>Ι</span> <span class='ocrx_word' id='word_1_14' title='bbox 928 248 1058 302; x_wconf 86' lang='lat' dir='ltr'>propii</span> <span class='ocrx_word' id='word_1_15' title='bbox 1075 253 1161 297; x_wconf 77' lang='lat' dir='ltr'>(eie)</span> <span class='ocrx_word' id='word_1_16' title='bbox 1191 248 1321 288; x_wconf 84' lang='lat' dir='ltr'>meriti</span> <span class='ocrx_word' id='word_1_17' title='bbox 1353 259 1434 288; x_wconf 90' lang='lat' dir='ltr'>non</span> <span class='ocrx_word' id='word_1_18' title='bbox 1457 246 1572 287; x_wconf 77' lang='lat' dir='ltr'>fustis</span> <span class='ocrx_word' id='word_1_19' title='bbox 1590 250 1680 295; x_wconf 74' lang='lat' dir='ltr'>(sie)</span> <span class='ocrx_word' id='word_1_20' title='bbox 1705 245 1714 299; x_wconf 97' lang='grc' dir='ltr'>Ι</span> <span class='ocrx_word' id='word_1_21' title='bbox 1741 258 1871 298; x_wconf 85' lang='lat' dir='ltr'>neque</span> 
     </span>
     <span class='ocr_line' id='line_1_3' title="bbox 163 319 371 360; baseline 0.005 -1"><span class='ocrx_word' id='word_1_22' title='bbox 163 319 242 360; x_wconf 73' lang='lat' dir='ltr'>fllia</span> <span class='ocrx_word' id='word_1_23' title='bbox 272 331 371 360; x_wconf 73' lang='lat' dir='ltr'>men.</span> 
     </span>
    </p>
   </div>
   <div class='ocr_carea' id='block_1_3' title="bbox 279 382 1804 483">
    <p class='ocr_par' dir='ltr' id='par_1_3' title="bbox 279 382 1804 483">
     <span class='ocr_line' id='line_1_4' title="bbox 279 382 1190 429; baseline -0.004 -9"><span class='ocrx_word' id='word_1_24' title='bbox 279 384 411 420; x_wconf 73' lang='lat' dir='ltr'>Bm·</span> <span class='ocrx_word' id='word_1_25' title='bbox 433 383 505 429; x_wconf 79' lang='lat' dir='ltr'>(VI</span> <span class='ocrx_word' id='word_1_26' title='bbox 525 384 611 418; x_wconf 68' lang='lat'>7470</span> <span class='ocrx_word' id='word_1_27' title='bbox 632 383 725 416; x_wconf 70' lang='lat' dir='ltr'>vidie</span> <span class='ocrx_word' id='word_1_28' title='bbox 748 383 920 427; x_wconf 67' lang='lat' dir='ltr'>Herum).</span> <span class='ocrx_word' id='word_1_29' title='bbox 943 401 988 408; x_wconf 91' lang='lat'><strong>—</strong></span> <span class='ocrx_word' id='word_1_30' title='bbox 1015 384 1048 424; x_wconf 86' lang='lat'>1)</span> <span class='ocrx_word' id='word_1_31' title='bbox 1073 382 1190 416; x_wconf 74' lang='lat' dir='ltr'>Dedit.</span> 
     </span>
     <span class='ocr_line' id='line_1_5' title="bbox 280 437 1804 483; baseline -0.003 -7"><span class='ocrx_word' id='word_1_32' title='bbox 280 442 382 476; x_wconf 61' lang='lat' dir='ltr'>Addo</span> <span class='ocrx_word' id='word_1_33' title='bbox 402 440 448 475; x_wconf 81' lang='grc' dir='ltr'>Ν.</span> <span class='ocrx_word' id='word_1_34' title='bbox 472 440 568 475; x_wconf 63' lang='grc'><strong><em>4984.</em></strong></span> <span class='ocrx_word' id='word_1_35' title='bbox 591 440 690 474; x_wconf 71' lang='lat'><strong><em>8⁴⁴5.</em></strong></span> <span class='ocrx_word' id='word_1_36' title='bbox 711 440 821 479; x_wconf 55' lang='lat'>81:575</span> <span class='ocrx_word' id='word_1_37' title='bbox 855 439 904 473; x_wconf 87' lang='lat' dir='ltr'>V!</span> <span class='ocrx_word' id='word_1_38' title='bbox 926 440 1025 473; x_wconf 76' lang='lat'><strong><em>8857.</em></strong></span> <span class='ocrx_word' id='word_1_39' title='bbox 1045 440 1144 474; x_wconf 68' lang='grc'><strong><em>9608.</em></strong></span> <span class='ocrx_word' id='word_1_40' title='bbox 1168 439 1282 472; x_wconf 67' lang='grc'><strong><em>10229</em></strong></span> <span class='ocrx_word' id='word_1_41' title='bbox 1301 437 1349 483; x_wconf 78' lang='grc' dir='ltr'>(υ.</span> <span class='ocrx_word' id='word_1_42' title='bbox 1364 438 1422 473; x_wconf 66' lang='grc'>92.</span> <span class='ocrx_word' id='word_1_43' title='bbox 1439 438 1543 483; x_wconf 71' lang='grc' dir='ltr'><strong><em>Πθ),·</em></strong></span> <span class='ocrx_word' id='word_1_44' title='bbox 1566 438 1619 472; x_wconf 81' lang='lat' dir='ltr'>IX</span> <span class='ocrx_word' id='word_1_45' title='bbox 1638 438 1804 479; x_wconf 60' lang='lat'>(435⁸(2).</span> 
     </span>
    </p>
   </div>
   <div class='ocr_carea' id='block_1_4' title="bbox 884 576 1154 583">
    <p class='ocr_par' dir='ltr' id='par_1_4' title="bbox 884 576 1154 583">
     <span class='ocr_line' id='line_1_6' title="bbox 884 576 1154 583; baseline 0 0"><span class='ocrx_word' id='word_1_46' title='bbox 884 576 1154 583; x_wconf 95' lang='lat' dir='ltr'> </span> 
     </span>
    </p>
   </div>
   <div class='ocr_carea' id='block_1_5' title="bbox 166 674 1873 800">
    <p class='ocr_par' dir='ltr' id='par_1_5' title="bbox 166 674 1873 800">
     <span class='ocr_line' id='line_1_7' title="bbox 278 674 1870 733; baseline -0.001 -13"><span class='ocrx_word' id='word_1_47' title='bbox 278 677 398 727; x_wconf 74' lang='lat'><strong>8287</strong></span> <span class='ocrx_word' id='word_1_48' title='bbox 454 679 563 720; x_wconf 84' lang='lat' dir='ltr'>Vibia</span> <span class='ocrx_word' id='word_1_49' title='bbox 603 680 647 723; x_wconf 84' lang='lat' dir='ltr'>L.</span> <span class='ocrx_word' id='word_1_50' title='bbox 675 680 700 720; x_wconf 93' lang='lat' dir='ltr'>l.</span> <span class='ocrx_word' id='word_1_51' title='bbox 732 678 893 720; x_wconf 82' lang='lat' dir='ltr'>Chresta</span> <span class='ocrx_word' id='word_1_52' title='bbox 924 691 1033 719; x_wconf 90' lang='lat' dir='ltr'>mon.</span> <span class='ocrx_word' id='word_1_53' title='bbox 1075 679 1082 731; x_wconf 94' lang='grc' dir='ltr'>Ι</span> <span class='ocrx_word' id='word_1_54' title='bbox 1121 678 1215 719; x_wconf 78' lang='lat' dir='ltr'>fecit</span> <span class='ocrx_word' id='word_1_55' title='bbox 1251 677 1327 718; x_wconf 87' lang='lat' dir='ltr'>sibi</span> <span class='ocrx_word' id='word_1_56' title='bbox 1366 685 1406 718; x_wconf 85' lang='lat' dir='ltr'>et</span> <span class='ocrx_word' id='word_1_57' title='bbox 1435 678 1518 719; x_wconf 86' lang='lat' dir='ltr'>suis</span> <span class='ocrx_word' id='word_1_58' title='bbox 1554 684 1594 718; x_wconf 88' lang='lat' dir='ltr'>et</span> <span class='ocrx_word' id='word_1_59' title='bbox 1623 678 1665 719; x_wconf 89' lang='lat' dir='ltr'>C.</span> <span class='ocrx_word' id='word_1_60' title='bbox 1696 678 1834 719; x_wconf 85' lang='lat' dir='ltr'>Rustio</span> <span class='ocrx_word' id='word_1_61' title='bbox 1861 674 1870 733; x_wconf 93' lang='grc' dir='ltr'>Ι</span> 
     </span>
     <span class='ocr_line' id='line_1_8' title="bbox 166 745 1873 800; baseline -0.004 -8"><span class='ocrx_word' id='word_1_62' title='bbox 166 750 209 792; x_wconf 80' lang='lat' dir='ltr'>C.</span> <span class='ocrx_word' id='word_1_63' title='bbox 239 749 266 791; x_wconf 85' lang='lat' dir='ltr'>l.</span> <span class='ocrx_word' id='word_1_64' title='bbox 295 748 485 790; x_wconf 75' lang='lat' dir='ltr'>Thalassa</span> <span class='ocrx_word' id='word_1_65' title='bbox 524 748 605 789; x_wconf 78' lang='lat' dir='ltr'>mio</span> <span class='ocrx_word' id='word_1_66' title='bbox 642 754 682 788; x_wconf 85' lang='lat' dir='ltr'>et</span> <span class='ocrx_word' id='word_1_67' title='bbox 711 747 846 788; x_wconf 88' lang='lat' dir='ltr'>Vibiae</span> <span class='ocrx_word' id='word_1_68' title='bbox 885 748 893 797; x_wconf 99' lang='grc' dir='ltr'>Ι</span> <span class='ocrx_word' id='word_1_69' title='bbox 935 745 982 789; x_wconf 72' lang='lat'>3.</span> <span class='ocrx_word' id='word_1_70' title='bbox 1010 747 1036 787; x_wconf 90' lang='lat' dir='ltr'>l.</span> <span class='ocrx_word' id='word_1_71' title='bbox 1068 746 1254 800; x_wconf 79' lang='lat' dir='ltr'>Calybeni</span> <span class='ocrx_word' id='word_1_72' title='bbox 1291 746 1455 786; x_wconf 77' lang='lat' dir='ltr'>libertae</span> <span class='ocrx_word' id='word_1_73' title='bbox 1493 747 1619 792; x_wconf 82' lang='lat' dir='ltr'>lenae,</span> <span class='ocrx_word' id='word_1_74' title='bbox 1658 745 1667 800; x_wconf 94' lang='grc' dir='ltr'>Ι</span> <span class='ocrx_word' id='word_1_75' title='bbox 1707 746 1756 786; x_wconf 89' lang='lat' dir='ltr'>ab</span> <span class='ocrx_word' id='word_1_76' title='bbox 1787 758 1873 786; x_wconf 78' lang='lat' dir='ltr'>asse</span> 
     </span>
    </p>
   </div>
   <div class='ocr_carea' id='block_1_6' title="bbox 166 813 1543 926">
    <p class='ocr_par' dir='ltr' id='par_1_6' title="bbox 166 813 1543 926">
     <span class='ocr_line' id='line_1_9' title="bbox 166 813 1543 871; baseline -0.004 -13"><span class='ocrx_word' id='word_1_77' title='bbox 166 817 387 871; x_wconf 72' lang='lat' dir='ltr'>quaesitum</span> <span class='ocrx_word' id='word_1_78' title='bbox 417 816 529 857; x_wconf 89' lang='lat' dir='ltr'>lucro</span> <span class='ocrx_word' id='word_1_79' title='bbox 559 829 647 867; x_wconf 87' lang='lat' dir='ltr'>suo,</span> <span class='ocrx_word' id='word_1_80' title='bbox 682 816 769 856; x_wconf 83' lang='lat' dir='ltr'>sine</span> <span class='ocrx_word' id='word_1_81' title='bbox 798 815 937 856; x_wconf 75' lang='lat' dir='ltr'>fraude</span> <span class='ocrx_word' id='word_1_82' title='bbox 965 815 1146 856; x_wconf 87' lang='lat' dir='ltr'>aliorum.</span> <span class='ocrx_word' id='word_1_83' title='bbox 1206 813 1255 856; x_wconf 80' lang='lat' dir='ltr'>fl.</span> <span class='ocrx_word' id='word_1_84' title='bbox 1285 826 1335 857; x_wconf 79' lang='lat' dir='ltr'>m.</span> <span class='ocrx_word' id='word_1_85' title='bbox 1369 814 1409 854; x_wconf 89' lang='lat' dir='ltr'>h.</span> <span class='ocrx_word' id='word_1_86' title='bbox 1441 826 1481 854; x_wconf 88' lang='lat' dir='ltr'>n.</span> <span class='ocrx_word' id='word_1_87' title='bbox 1511 827 1543 854; x_wconf 85' lang='lat' dir='ltr'>s.</span> 
     </span>
     <span class='ocr_line' id='line_1_10' title="bbox 279 881 1273 926; baseline -0.002 -8"><span class='ocrx_word' id='word_1_88' title='bbox 279 885 473 919; x_wconf 65' lang='lat' dir='ltr'>ammenta·</span> <span class='ocrx_word' id='word_1_89' title='bbox 495 883 564 926; x_wconf 80' lang='grc' dir='ltr'>(ΙΧ</span> <span class='ocrx_word' id='word_1_90' title='bbox 585 884 676 917; x_wconf 74' lang='lat'>2022</span> <span class='ocrx_word' id='word_1_91' title='bbox 699 882 867 915; x_wconf 69' lang='lat' dir='ltr'>vider-une</span> <span class='ocrx_word' id='word_1_92' title='bbox 891 882 1083 915; x_wconf 68' lang='lat' dir='ltr'>Mommsen</span> <span class='ocrx_word' id='word_1_93' title='bbox 1107 881 1273 924; x_wconf 74' lang='lat' dir='ltr'>aliique).</span> 
     </span>
    </p>
   </div>
   <div class='ocr_carea' id='block_1_7' title="bbox 277 974 1872 1030">
    <p class='ocr_par' dir='ltr' id='par_1_7' title="bbox 277 974 1872 1030">
     <span class='ocr_line' id='line_1_11' title="bbox 277 974 1872 1030; baseline -0.002 -13"><span class='ocrx_word' id='word_1_94' title='bbox 277 976 396 1024; x_wconf 51' lang='grc' dir='ltr'><strong>ω</strong></span> <span class='ocrx_word' id='word_1_95' title='bbox 451 977 625 1018; x_wconf 76' lang='lat' dir='ltr'>Valeriae</span> <span class='ocrx_word' id='word_1_96' title='bbox 656 977 701 1017; x_wconf 84' lang='lat'>1).</span> <span class='ocrx_word' id='word_1_97' title='bbox 731 977 756 1016; x_wconf 90' lang='lat' dir='ltr'>l.</span> <span class='ocrx_word' id='word_1_98' title='bbox 789 977 798 1029; x_wconf 97' lang='grc' dir='ltr'>Ι</span> <span class='ocrx_word' id='word_1_99' title='bbox 831 977 1078 1030; x_wconf 80' lang='lat' dir='ltr'>Eutychinis.</span> <span class='ocrx_word' id='word_1_100' title='bbox 1118 974 1126 1030; x_wconf 93' lang='grc' dir='ltr'>Ι</span> <span class='ocrx_word' id='word_1_101' title='bbox 1168 976 1354 1028; x_wconf 85' lang='lat' dir='ltr'>Emptum</span> <span class='ocrx_word' id='word_1_102' title='bbox 1395 975 1402 1027; x_wconf 95' lang='grc' dir='ltr'>Ι</span> <span class='ocrx_word' id='word_1_103' title='bbox 1442 975 1491 1015; x_wconf 85' lang='lat' dir='ltr'>de</span> <span class='ocrx_word' id='word_1_104' title='bbox 1521 975 1565 1015; x_wconf 91' lang='lat' dir='ltr'>L.</span> <span class='ocrx_word' id='word_1_105' title='bbox 1597 975 1738 1015; x_wconf 84' lang='lat' dir='ltr'>Paccio</span> <span class='ocrx_word' id='word_1_106' title='bbox 1769 975 1814 1014; x_wconf 88' lang='lat' dir='ltr'>L.</span> <span class='ocrx_word' id='word_1_107' title='bbox 1847 975 1872 1014; x_wconf 84' lang='lat' dir='ltr'>s.</span> 
     </span>
    </p>
   </div>
   <div class='ocr_carea' id='block_1_8' title="bbox 166 1047 1295 1155">
    <p class='ocr_par' dir='ltr' id='par_1_8' title="bbox 166 1047 1295 1155">
     <span class='ocr_line' id='line_1_12' title="bbox 166 1047 409 1090; baseline -0.021 0"><span class='ocrx_word' id='word_1_108' title='bbox 166 1050 262 1090; x_wconf 77' lang='lat' dir='ltr'>Am.</span> <span class='ocrx_word' id='word_1_109' title='bbox 290 1047 409 1087; x_wconf 89' lang='lat' dir='ltr'>Varo.</span> 
     </span>
     <span class='ocr_line' id='line_1_13' title="bbox 280 1112 1295 1155; baseline -0.002 -7"><span class='ocrx_word' id='word_1_110' title='bbox 280 1112 424 1155; x_wconf 69' lang='lat' dir='ltr'>Bonae,</span> <span class='ocrx_word' id='word_1_111' title='bbox 446 1115 521 1146; x_wconf 66' lang='lat' dir='ltr'>im</span> <span class='ocrx_word' id='word_1_112' title='bbox 543 1113 755 1146; x_wconf 69' lang='lat' dir='ltr'>morentiae</span> <span class='ocrx_word' id='word_1_113' title='bbox 778 1113 853 1154; x_wconf 86' lang='lat' dir='ltr'>(VI</span> <span class='ocrx_word' id='word_1_114' title='bbox 874 1112 985 1146; x_wconf 74' lang='lat'><strong><em>28184</em></strong></span> <span class='ocrx_word' id='word_1_115' title='bbox 1008 1112 1101 1144; x_wconf 71' lang='lat' dir='ltr'>vidit</span> <span class='ocrx_word' id='word_1_116' title='bbox 1124 1112 1295 1152; x_wconf 68' lang='lat' dir='ltr'>amen).</span> 
     </span>
    </p>
   </div>
   <div class='ocr_carea' id='block_1_9' title="bbox 165 1200 1876 1330">
    <p class='ocr_par' dir='ltr' id='par_1_9' title="bbox 165 1200 1876 1330">
     <span class='ocr_line' id='line_1_14' title="bbox 279 1200 1871 1259; baseline -0.003 -12"><span class='ocrx_word' id='word_1_117' title='bbox 279 1204 398 1253; x_wconf 68' lang='lat'>8280</span> <span class='ocrx_word' id='word_1_118' title='bbox 455 1207 494 1246; x_wconf 86' lang='lat' dir='ltr'>d.</span> <span class='ocrx_word' id='word_1_119' title='bbox 523 1218 577 1246; x_wconf 91' lang='lat' dir='ltr'>m.</span> <span class='ocrx_word' id='word_1_120' title='bbox 603 1203 611 1259; x_wconf 94' lang='grc' dir='ltr'>Ι</span> <span class='ocrx_word' id='word_1_121' title='bbox 638 1205 845 1246; x_wconf 83' lang='lat' dir='ltr'>Petroniae</span> <span class='ocrx_word' id='word_1_122' title='bbox 870 1204 877 1259; x_wconf 92' lang='grc' dir='ltr'>Ι</span> <span class='ocrx_word' id='word_1_123' title='bbox 905 1206 953 1252; x_wconf 90' lang='lat' dir='ltr'>Q.</span> <span class='ocrx_word' id='word_1_124' title='bbox 984 1206 1012 1245; x_wconf 83' lang='lat' dir='ltr'>s.</span> <span class='ocrx_word' id='word_1_125' title='bbox 1042 1205 1209 1245; x_wconf 79' lang='lat' dir='ltr'>Rufinae</span> <span class='ocrx_word' id='word_1_126' title='bbox 1234 1203 1241 1259; x_wconf 91' lang='grc' dir='ltr'>Ι</span> <span class='ocrx_word' id='word_1_127' title='bbox 1268 1203 1384 1244; x_wconf 85' lang='lat' dir='ltr'>matri</span> <span class='ocrx_word' id='word_1_128' title='bbox 1419 1203 1688 1256; x_wconf 80' lang='lat' dir='ltr'>pientissimae</span> <span class='ocrx_word' id='word_1_129' title='bbox 1715 1203 1721 1256; x_wconf 95' lang='grc' dir='ltr'>Ι</span> <span class='ocrx_word' id='word_1_130' title='bbox 1748 1202 1839 1243; x_wconf 76' lang='lat' dir='ltr'>fecit</span> <span class='ocrx_word' id='word_1_131' title='bbox 1863 1200 1871 1258; x_wconf 95' lang='grc' dir='ltr'>Ι</span> 
     </span>
     <span class='ocr_line' id='line_1_15' title="bbox 165 1269 1876 1330; baseline -0.005 -12"><span class='ocrx_word' id='word_1_132' title='bbox 165 1276 293 1330; x_wconf 72' lang='lat' dir='ltr'>Appia</span> <span class='ocrx_word' id='word_1_133' title='bbox 313 1274 502 1316; x_wconf 83' lang='lat' dir='ltr'>Severina</span> <span class='ocrx_word' id='word_1_134' title='bbox 532 1274 609 1315; x_wconf 84' lang='lat' dir='ltr'>filia</span> <span class='ocrx_word' id='word_1_135' title='bbox 634 1273 643 1327; x_wconf 94' lang='grc' dir='ltr'>Ι</span> <span class='ocrx_word' id='word_1_136' title='bbox 668 1273 756 1314; x_wconf 89' lang='lat' dir='ltr'>loco</span> <span class='ocrx_word' id='word_1_137' title='bbox 787 1281 920 1326; x_wconf 83' lang='lat' dir='ltr'>empto</span> <span class='ocrx_word' id='word_1_138' title='bbox 952 1286 1031 1326; x_wconf 90' lang='lat' dir='ltr'>quo</span> <span class='ocrx_word' id='word_1_139' title='bbox 1062 1272 1285 1313; x_wconf 86' lang='lat' dir='ltr'>Tiburtini¹</span> <span class='ocrx_word' id='word_1_140' title='bbox 1312 1269 1319 1326; x_wconf 94' lang='grc' dir='ltr'>Ι</span> <span class='ocrx_word' id='word_1_141' title='bbox 1345 1272 1463 1324; x_wconf 86' lang='lat' dir='ltr'>positi</span> <span class='ocrx_word' id='word_1_142' title='bbox 1495 1277 1682 1322; x_wconf 86' lang='lat' dir='ltr'>quattuor</span> <span class='ocrx_word' id='word_1_143' title='bbox 1711 1271 1876 1311; x_wconf 86' lang='lat' dir='ltr'>demon-</span> 
     </span>
    </p>
   </div>
   <div class='ocr_carea' id='block_1_10' title="bbox 166 1341 1673 1455">
    <p class='ocr_par' dir='ltr' id='par_1_10' title="bbox 166 1341 1673 1455">
     <span class='ocr_line' id='line_1_16' title="bbox 166 1341 1055 1398; baseline -0.006 -12"><span class='ocrx_word' id='word_1_144' title='bbox 166 1351 304 1388; x_wconf 77' lang='lat' dir='ltr'>strant.</span> <span class='ocrx_word' id='word_1_145' title='bbox 333 1341 342 1398; x_wconf 94' lang='grc' dir='ltr'>Ι</span> <span class='ocrx_word' id='word_1_146' title='bbox 375 1343 421 1384; x_wconf 90' lang='lat' dir='ltr'>In</span> <span class='ocrx_word' id='word_1_147' title='bbox 453 1344 500 1386; x_wconf 79' lang='lat' dir='ltr'>fr.</span> <span class='ocrx_word' id='word_1_148' title='bbox 534 1356 575 1395; x_wconf 89' lang='lat' dir='ltr'>p.</span> <span class='ocrx_word' id='word_1_149' title='bbox 596 1341 666 1391; x_wconf 89' lang='lat' dir='ltr'>Vl,</span> <span class='ocrx_word' id='word_1_150' title='bbox 706 1342 746 1382; x_wconf 90' lang='lat' dir='ltr'>in</span> <span class='ocrx_word' id='word_1_151' title='bbox 778 1354 860 1394; x_wconf 82' lang='lat' dir='ltr'>agr.</span> <span class='ocrx_word' id='word_1_152' title='bbox 893 1354 932 1394; x_wconf 87' lang='lat' dir='ltr'>p.</span> <span class='ocrx_word' id='word_1_153' title='bbox 955 1341 1055 1381; x_wconf 91' lang='lat' dir='ltr'>Vlll.</span> 
     </span>
     <span class='ocr_line' id='line_1_17' title="bbox 281 1405 1673 1455; baseline -0.004 -10"><span class='ocrx_word' id='word_1_154' title='bbox 281 1410 415 1445; x_wconf 68' lang='lat' dir='ltr'>Bon-ao</span> <span class='ocrx_word' id='word_1_155' title='bbox 438 1408 506 1455; x_wconf 83' lang='lat' dir='ltr'>(VJ</span> <span class='ocrx_word' id='word_1_156' title='bbox 527 1410 637 1443; x_wconf 70' lang='grc'><strong><em>26047</em></strong></span> <span class='ocrx_word' id='word_1_157' title='bbox 660 1410 752 1442; x_wconf 69' lang='lat' dir='ltr'>vidit</span> <span class='ocrx_word' id='word_1_158' title='bbox 776 1409 970 1452; x_wconf 71' lang='lat' dir='ltr'>Huebner).</span> <span class='ocrx_word' id='word_1_159' title='bbox 992 1427 1038 1433; x_wconf 93' lang='lat'>—-</span> <span class='ocrx_word' id='word_1_160' title='bbox 1071 1409 1105 1448; x_wconf 83' lang='lat'>1)</span> <span class='ocrx_word' id='word_1_161' title='bbox 1130 1406 1234 1450; x_wconf 67' lang='lat' dir='ltr'>cippi</span> <span class='ocrx_word' id='word_1_162' title='bbox 1255 1418 1302 1440; x_wconf 68' lang='lat' dir='ltr'>ex</span> <span class='ocrx_word' id='word_1_163' title='bbox 1326 1407 1445 1449; x_wconf 73' lang='lat' dir='ltr'>lapide</span> <span class='ocrx_word' id='word_1_164' title='bbox 1474 1405 1673 1440; x_wconf 71' lang='lat' dir='ltr'>Tiburtino.</span> 
     </span>
    </p>
   </div>
   <div class='ocr_carea' id='block_1_11' title="bbox 165 1495 1875 1746">
    <p class='ocr_par' dir='ltr' id='par_1_11' title="bbox 165 1495 1875 1691">
     <span class='ocr_line' id='line_1_18' title="bbox 280 1495 1875 1554; baseline -0.004 -11"><span class='ocrx_word' id='word_1_165' title='bbox 280 1500 399 1553; x_wconf 71' lang='grc'>8290</span> <span class='ocrx_word' id='word_1_166' title='bbox 455 1501 642 1554; x_wconf 83' lang='lat' dir='ltr'>quicquid</span> <span class='ocrx_word' id='word_1_167' title='bbox 681 1502 779 1542; x_wconf 87' lang='lat' dir='ltr'>iuris</span> <span class='ocrx_word' id='word_1_168' title='bbox 816 1501 953 1541; x_wconf 86' lang='lat' dir='ltr'>habuit</span> <span class='ocrx_word' id='word_1_169' title='bbox 991 1501 1031 1540; x_wconf 91' lang='lat' dir='ltr'>in</span> <span class='ocrx_word' id='word_1_170' title='bbox 1070 1500 1146 1540; x_wconf 90' lang='lat' dir='ltr'>hoc</span> <span class='ocrx_word' id='word_1_171' title='bbox 1177 1498 1184 1554; x_wconf 98' lang='grc' dir='ltr'>Ι</span> <span class='ocrx_word' id='word_1_172' title='bbox 1220 1505 1484 1539; x_wconf 90' lang='lat' dir='ltr'>monumento</span> <span class='ocrx_word' id='word_1_173' title='bbox 1524 1504 1563 1537; x_wconf 88' lang='lat' dir='ltr'>et</span> <span class='ocrx_word' id='word_1_174' title='bbox 1600 1498 1754 1538; x_wconf 87' lang='lat' dir='ltr'>ustrino</span> <span class='ocrx_word' id='word_1_175' title='bbox 1794 1504 1833 1537; x_wconf 87' lang='lat' dir='ltr'>et</span> <span class='ocrx_word' id='word_1_176' title='bbox 1867 1495 1875 1552; x_wconf 95' lang='grc' dir='ltr'>Ι</span> 
     </span>
     <span class='ocr_line' id='line_1_19' title="bbox 168 1565 1875 1624; baseline -0.002 -16"><span class='ocrx_word' id='word_1_177' title='bbox 168 1570 354 1611; x_wconf 80' lang='lat' dir='ltr'>vii-diario</span> <span class='ocrx_word' id='word_1_178' title='bbox 384 1575 422 1610; x_wconf 85' lang='lat' dir='ltr'>et</span> <span class='ocrx_word' id='word_1_179' title='bbox 454 1570 552 1610; x_wconf 88' lang='lat' dir='ltr'>ollas</span> <span class='ocrx_word' id='word_1_180' title='bbox 573 1569 643 1610; x_wconf 89' lang='lat' dir='ltr'>Cn.</span> <span class='ocrx_word' id='word_1_181' title='bbox 665 1569 809 1621; x_wconf 87' lang='lat' dir='ltr'>Papius</span> <span class='ocrx_word' id='word_1_182' title='bbox 834 1567 842 1624; x_wconf 98' lang='grc' dir='ltr'>Ι</span> <span class='ocrx_word' id='word_1_183' title='bbox 868 1568 993 1621; x_wconf 86' lang='lat' dir='ltr'>Chilo,</span> <span class='ocrx_word' id='word_1_184' title='bbox 1024 1581 1068 1607; x_wconf 87' lang='lat' dir='ltr'>ea</span> <span class='ocrx_word' id='word_1_185' title='bbox 1091 1568 1223 1607; x_wconf 88' lang='lat' dir='ltr'>omnia</span> <span class='ocrx_word' id='word_1_186' title='bbox 1245 1567 1340 1608; x_wconf 87' lang='lat' dir='ltr'>emit</span> <span class='ocrx_word' id='word_1_187' title='bbox 1359 1566 1542 1606; x_wconf 87' lang='lat' dir='ltr'>Lucretia</span> <span class='ocrx_word' id='word_1_188' title='bbox 1564 1568 1591 1610; x_wconf 88' lang='grc'>)</span> <span class='ocrx_word' id='word_1_189' title='bbox 1615 1567 1640 1606; x_wconf 91' lang='grc' dir='ltr'>Ι.</span> <span class='ocrx_word' id='word_1_190' title='bbox 1667 1565 1674 1619; x_wconf 88' lang='grc' dir='ltr'>Ι</span> <span class='ocrx_word' id='word_1_191' title='bbox 1701 1566 1875 1605; x_wconf 82' lang='lat' dir='ltr'>Iucunda</span> 
     </span>
     <span class='ocr_line' id='line_1_20' title="bbox 165 1636 1208 1691; baseline -0.005 -11"><span class='ocrx_word' id='word_1_192' title='bbox 165 1636 505 1681; x_wconf 87' lang='lat'><em>!!!!!!!!!!!</em></span> <span class='ocrx_word' id='word_1_193' title='bbox 520 1636 538 1679; x_wconf 76' lang='grc' dir='ltr'>,Ι</span> <span class='ocrx_word' id='word_1_194' title='bbox 551 1636 588 1679; x_wconf 90' lang='lat'>!¹</span> <span class='ocrx_word' id='word_1_195' title='bbox 616 1637 623 1691; x_wconf 91' lang='grc' dir='ltr'>Ι</span> <span class='ocrx_word' id='word_1_196' title='bbox 650 1638 779 1678; x_wconf 85' lang='lat' dir='ltr'>Laelia</span> <span class='ocrx_word' id='word_1_197' title='bbox 811 1637 854 1677; x_wconf 93' lang='lat' dir='ltr'>P.</span> <span class='ocrx_word' id='word_1_198' title='bbox 885 1637 911 1677; x_wconf 90' lang='lat' dir='ltr'>l.</span> <span class='ocrx_word' id='word_1_199' title='bbox 943 1636 1208 1689; x_wconf 86' lang='lat' dir='ltr'>Euphrosine..</span> 
     </span>
    </p>

    <p class='ocr_par' dir='ltr' id='par_1_12' title="bbox 281 1701 1766 1746">
     <span class='ocr_line' id='line_1_21' title="bbox 281 1701 1766 1746; baseline -0.003 -7"><span class='ocrx_word' id='word_1_200' title='bbox 281 1703 424 1746; x_wconf 69' lang='lat' dir='ltr'>Romae,</span> <span class='ocrx_word' id='word_1_201' title='bbox 447 1715 546 1737; x_wconf 80' lang='lat' dir='ltr'>nunc</span> <span class='ocrx_word' id='word_1_202' title='bbox 574 1703 700 1739; x_wconf 72' lang='lat' dir='ltr'>Urbim·</span> <span class='ocrx_word' id='word_1_203' title='bbox 721 1704 796 1746; x_wconf 84' lang='lat' dir='ltr'>(Vl</span> <span class='ocrx_word' id='word_1_204' title='bbox 818 1705 935 1739; x_wconf 75' lang='lat'><strong><em>25808</em></strong></span> <span class='ocrx_word' id='word_1_205' title='bbox 959 1704 1050 1736; x_wconf 72' lang='lat' dir='ltr'>vidit</span> <span class='ocrx_word' id='word_1_206' title='bbox 1074 1704 1288 1744; x_wconf 67' lang='lat' dir='ltr'>Bor-mann).</span> <span class='ocrx_word' id='word_1_207' title='bbox 1311 1721 1357 1727; x_wconf 89' lang='lat'>—</span> <span class='ocrx_word' id='word_1_208' title='bbox 1383 1703 1416 1743; x_wconf 90' lang='lat'>1)</span> <span class='ocrx_word' id='word_1_209' title='bbox 1440 1701 1626 1735; x_wconf 82' lang='lat' dir='ltr'>Nonnulla</span> <span class='ocrx_word' id='word_1_210' title='bbox 1651 1711 1766 1734; x_wconf 74' lang='lat' dir='ltr'>eram.</span> 
     </span>
    </p>
   </div>
   <div class='ocr_carea' id='block_1_12' title="bbox 169 1790 1881 2110">
    <p class='ocr_par' dir='ltr' id='par_1_13' title="bbox 169 1790 1881 2054">
     <span class='ocr_line' id='line_1_22' title="bbox 283 1790 1878 1850; baseline -0.006 -8"><span class='ocrx_word' id='word_1_211' title='bbox 283 1795 398 1843; x_wconf 55' lang='lat'>&amp;91</span> <span class='ocrx_word' id='word_1_212' title='bbox 458 1797 520 1838; x_wconf 82' lang='lat' dir='ltr'>ius</span> <span class='ocrx_word' id='word_1_213' title='bbox 549 1797 781 1850; x_wconf 83' lang='lat' dir='ltr'>sarcophagi</span> <span class='ocrx_word' id='word_1_214' title='bbox 808 1796 815 1850; x_wconf 90' lang='grc' dir='ltr'>Ι</span> <span class='ocrx_word' id='word_1_215' title='bbox 849 1796 892 1839; x_wconf 90' lang='lat' dir='ltr'>C.</span> <span class='ocrx_word' id='word_1_216' title='bbox 924 1796 1075 1837; x_wconf 86' lang='lat' dir='ltr'>Voconi</span> <span class='ocrx_word' id='word_1_217' title='bbox 1106 1796 1248 1836; x_wconf 85' lang='lat' dir='ltr'>Zosimi</span> <span class='ocrx_word' id='word_1_218' title='bbox 1280 1794 1350 1849; x_wconf 75' lang='grc' dir='ltr'>εῑΙ</span> <span class='ocrx_word' id='word_1_219' title='bbox 1387 1795 1586 1834; x_wconf 84' lang='lat' dir='ltr'>Voconiae</span> <span class='ocrx_word' id='word_1_220' title='bbox 1616 1793 1843 1834; x_wconf 83' lang='lat' dir='ltr'>Hieronidis</span> <span class='ocrx_word' id='word_1_221' title='bbox 1870 1790 1878 1848; x_wconf 95' lang='grc' dir='ltr'>Ι</span> 
     </span>
     <span class='ocr_line' id='line_1_23' title="bbox 169 1861 1880 1919; baseline -0.003 -13"><span class='ocrx_word' id='word_1_222' title='bbox 169 1877 260 1906; x_wconf 80' lang='lat' dir='ltr'>cum</span> <span class='ocrx_word' id='word_1_223' title='bbox 281 1865 425 1906; x_wconf 82' lang='lat' dir='ltr'>itinere</span> <span class='ocrx_word' id='word_1_224' title='bbox 446 1872 486 1906; x_wconf 85' lang='lat' dir='ltr'>et</span> <span class='ocrx_word' id='word_1_225' title='bbox 506 1866 649 1906; x_wconf 87' lang='lat' dir='ltr'>ceteris</span> <span class='ocrx_word' id='word_1_226' title='bbox 675 1862 682 1919; x_wconf 95' lang='grc' dir='ltr'>Ι</span> <span class='ocrx_word' id='word_1_227' title='bbox 707 1865 828 1905; x_wconf 86' lang='lat' dir='ltr'>rebus</span> <span class='ocrx_word' id='word_1_228' title='bbox 858 1865 904 1905; x_wconf 85' lang='lat' dir='ltr'>ad</span> <span class='ocrx_word' id='word_1_229' title='bbox 937 1864 974 1905; x_wconf 89' lang='lat' dir='ltr'>id</span> <span class='ocrx_word' id='word_1_230' title='bbox 1006 1862 1300 1917; x_wconf 84' lang='lat' dir='ltr'>pertinentibus</span> <span class='ocrx_word' id='word_1_231' title='bbox 1326 1861 1332 1917; x_wconf 99' lang='grc' dir='ltr'>Ι</span> <span class='ocrx_word' id='word_1_232' title='bbox 1358 1863 1548 1902; x_wconf 87' lang='lat' dir='ltr'>donatum</span> <span class='ocrx_word' id='word_1_233' title='bbox 1569 1862 1618 1902; x_wconf 83' lang='lat' dir='ltr'>ab</span> <span class='ocrx_word' id='word_1_234' title='bbox 1640 1862 1681 1902; x_wconf 78' lang='lat' dir='ltr'>C,</span> <span class='ocrx_word' id='word_1_235' title='bbox 1703 1861 1880 1901; x_wconf 91' lang='lat' dir='ltr'>Voconio</span> 
     </span>
     <span class='ocr_line' id='line_1_24' title="bbox 171 1928 1881 1988; baseline -0.004 -14"><span class='ocrx_word' id='word_1_236' title='bbox 171 1931 428 1988; x_wconf 74' lang='lat' dir='ltr'>Diadulmeno</span> <span class='ocrx_word' id='word_1_237' title='bbox 453 1932 461 1988; x_wconf 94' lang='grc' dir='ltr'>Ι</span> <span class='ocrx_word' id='word_1_238' title='bbox 487 1940 656 1987; x_wconf 86' lang='lat' dir='ltr'>patrono</span> <span class='ocrx_word' id='word_1_239' title='bbox 687 1934 838 1986; x_wconf 90' lang='lat' dir='ltr'>optimo</span> <span class='ocrx_word' id='word_1_240' title='bbox 868 1945 915 1973; x_wconf 89' lang='lat' dir='ltr'>ac</span> <span class='ocrx_word' id='word_1_241' title='bbox 944 1931 1133 1987; x_wconf 72' lang='lat' dir='ltr'>piissilmo</span> <span class='ocrx_word' id='word_1_242' title='bbox 1165 1939 1204 1972; x_wconf 85' lang='lat' dir='ltr'>et</span> <span class='ocrx_word' id='word_1_243' title='bbox 1235 1931 1578 1983; x_wconf 81' lang='lat' dir='ltr'>indulgentissimo</span> <span class='ocrx_word' id='word_1_244' title='bbox 1612 1928 1881 1983; x_wconf 63' lang='lat' dir='ltr'>praestamus-</span> 
     </span>
     <span class='ocr_line' id='line_1_25' title="bbox 171 2002 788 2054; baseline -0.002 -13"><span class='ocrx_word' id='word_1_245' title='bbox 171 2002 354 2054; x_wconf 74' lang='lat' dir='ltr'>simoque</span> <span class='ocrx_word' id='word_1_246' title='bbox 390 2014 483 2053; x_wconf 79' lang='lat' dir='ltr'>erga</span> <span class='ocrx_word' id='word_1_247' title='bbox 513 2014 607 2042; x_wconf 83' lang='lat' dir='ltr'>suos</span> <span class='ocrx_word' id='word_1_248' title='bbox 637 2013 788 2041; x_wconf 84' lang='lat' dir='ltr'>omnes.</span> 
     </span>
    </p>

    <p class='ocr_par' dir='ltr' id='par_1_14' title="bbox 285 2064 1879 2110">
     <span class='ocr_line' id='line_1_26' title="bbox 285 2064 1879 2110; baseline -0.004 -8"><span class='ocrx_word' id='word_1_249' title='bbox 285 2067 398 2102; x_wconf 72' lang='lat' dir='ltr'>Roma</span> <span class='ocrx_word' id='word_1_250' title='bbox 413 2071 457 2101; x_wconf 77' lang='lat' dir='ltr'>ue</span> <span class='ocrx_word' id='word_1_251' title='bbox 472 2069 614 2101; x_wconf 70' lang='lat' dir='ltr'>videtur</span> <span class='ocrx_word' id='word_1_252' title='bbox 627 2071 667 2101; x_wconf 76' lang='lat' dir='ltr'>in</span> <span class='ocrx_word' id='word_1_253' title='bbox 683 2068 847 2102; x_wconf 70' lang='lat' dir='ltr'>siciliam</span> <span class='ocrx_word' id='word_1_254' title='bbox 864 2067 1052 2109; x_wconf 66' lang='lat' dir='ltr'>translata,</span> <span class='ocrx_word' id='word_1_255' title='bbox 1077 2070 1128 2099; x_wconf 70' lang='lat' dir='ltr'>nse</span> <span class='ocrx_word' id='word_1_256' title='bbox 1147 2068 1315 2099; x_wconf 67' lang='lat' dir='ltr'>Parum-me·</span> <span class='ocrx_word' id='word_1_257' title='bbox 1338 2065 1407 2110; x_wconf 80' lang='lat' dir='ltr'>(VJ</span> <span class='ocrx_word' id='word_1_258' title='bbox 1423 2067 1532 2099; x_wconf 68' lang='lat'><strong><em>29445</em></strong></span> <span class='ocrx_word' id='word_1_259' title='bbox 1548 2066 1642 2097; x_wconf 76' lang='lat' dir='ltr'>vidit</span> <span class='ocrx_word' id='word_1_260' title='bbox 1657 2064 1879 2104; x_wconf 74' lang='lat' dir='ltr'>Mommsen).</span> 
     </span>
    </p>
   </div>
   <div class='ocr_carea' id='block_1_13' title="bbox 171 2156 1883 2419">
    <p class='ocr_par' dir='ltr' id='par_1_15' title="bbox 171 2156 1883 2419">
     <span class='ocr_line' id='line_1_27' title="bbox 285 2156 1878 2214; baseline -0.005 -13"><span class='ocrx_word' id='word_1_261' title='bbox 285 2157 431 2206; x_wconf 71' lang='grc'><strong>8291·</strong></span> <span class='ocrx_word' id='word_1_262' title='bbox 478 2161 539 2201; x_wconf 87' lang='lat' dir='ltr'>dis</span> <span class='ocrx_word' id='word_1_263' title='bbox 569 2160 717 2200; x_wconf 88' lang='lat' dir='ltr'>manib.</span> <span class='ocrx_word' id='word_1_264' title='bbox 755 2159 763 2214; x_wconf 97' lang='grc' dir='ltr'>Ι</span> <span class='ocrx_word' id='word_1_265' title='bbox 808 2159 965 2200; x_wconf 81' lang='lat' dir='ltr'>Clodiae</span> <span class='ocrx_word' id='word_1_266' title='bbox 995 2159 1040 2200; x_wconf 87' lang='lat' dir='ltr'>T.</span> <span class='ocrx_word' id='word_1_267' title='bbox 1073 2159 1099 2199; x_wconf 79' lang='lat' dir='ltr'>f.</span> <span class='ocrx_word' id='word_1_268' title='bbox 1130 2159 1382 2207; x_wconf 77' lang='lat' dir='ltr'>Saturninae,</span> <span class='ocrx_word' id='word_1_269' title='bbox 1427 2157 1433 2212; x_wconf 90' lang='grc' dir='ltr'>Ι</span> <span class='ocrx_word' id='word_1_270' title='bbox 1472 2157 1550 2197; x_wconf 88' lang='lat' dir='ltr'>hoc</span> <span class='ocrx_word' id='word_1_271' title='bbox 1589 2156 1878 2196; x_wconf 72' lang='lat' dir='ltr'>monimentum</span> 
     </span>
     <span class='ocr_line' id='line_1_28' title="bbox 171 2219 1881 2284; baseline -0.004 -16"><span class='ocrx_word' id='word_1_272' title='bbox 171 2230 252 2269; x_wconf 81' lang='lat' dir='ltr'>sive</span> <span class='ocrx_word' id='word_1_273' title='bbox 296 2226 304 2284; x_wconf 93' lang='grc' dir='ltr'>Ι</span> <span class='ocrx_word' id='word_1_274' title='bbox 347 2228 602 2281; x_wconf 79' lang='lat' dir='ltr'>sepulchrum</span> <span class='ocrx_word' id='word_1_275' title='bbox 641 2241 684 2268; x_wconf 83' lang='lat' dir='ltr'>se</span> <span class='ocrx_word' id='word_1_276' title='bbox 721 2228 804 2268; x_wconf 83' lang='lat' dir='ltr'>viva</span> <span class='ocrx_word' id='word_1_277' title='bbox 836 2228 928 2275; x_wconf 60' lang='lat' dir='ltr'>fec„</span> <span class='ocrx_word' id='word_1_278' title='bbox 975 2228 981 2282; x_wconf 97' lang='grc' dir='ltr'>Ι</span> <span class='ocrx_word' id='word_1_279' title='bbox 1027 2228 1066 2268; x_wconf 90' lang='lat' dir='ltr'>in</span> <span class='ocrx_word' id='word_1_280' title='bbox 1101 2228 1231 2267; x_wconf 81' lang='lat' dir='ltr'>fronte</span> <span class='ocrx_word' id='word_1_281' title='bbox 1262 2240 1301 2279; x_wconf 89' lang='lat' dir='ltr'>p.</span> <span class='ocrx_word' id='word_1_282' title='bbox 1331 2226 1440 2272; x_wconf 84' lang='lat' dir='ltr'>vm,</span> <span class='ocrx_word' id='word_1_283' title='bbox 1480 2226 1520 2265; x_wconf 91' lang='lat' dir='ltr'>in</span> <span class='ocrx_word' id='word_1_284' title='bbox 1553 2237 1634 2277; x_wconf 83' lang='lat' dir='ltr'>agr.</span> <span class='ocrx_word' id='word_1_285' title='bbox 1666 2237 1706 2277; x_wconf 91' lang='lat' dir='ltr'>p.</span> <span class='ocrx_word' id='word_1_286' title='bbox 1737 2222 1836 2262; x_wconf 89' lang='lat' dir='ltr'>Vlll.</span> <span class='ocrx_word' id='word_1_287' title='bbox 1873 2219 1881 2277; x_wconf 97' lang='grc' dir='ltr'>Ι</span> 
     </span>
     <span class='ocr_line' id='line_1_29' title="bbox 172 2288 1882 2351; baseline -0.005 -14"><span class='ocrx_word' id='word_1_288' title='bbox 172 2296 300 2338; x_wconf 80' lang='lat' dir='ltr'>nnius</span> <span class='ocrx_word' id='word_1_289' title='bbox 328 2297 565 2351; x_wconf 82' lang='lat' dir='ltr'>monimenti</span> <span class='ocrx_word' id='word_1_290' title='bbox 594 2297 674 2336; x_wconf 83' lang='lat' dir='ltr'>sive</span> <span class='ocrx_word' id='word_1_291' title='bbox 700 2295 708 2350; x_wconf 97' lang='grc' dir='ltr'>Ι</span> <span class='ocrx_word' id='word_1_292' title='bbox 740 2297 939 2349; x_wconf 82' lang='lat' dir='ltr'>sepulchri</span> <span class='ocrx_word' id='word_1_293' title='bbox 971 2297 1032 2336; x_wconf 89' lang='lat' dir='ltr'>ius</span> <span class='ocrx_word' id='word_1_294' title='bbox 1062 2297 1108 2335; x_wconf 87' lang='lat' dir='ltr'>ad</span> <span class='ocrx_word' id='word_1_295' title='bbox 1140 2292 1322 2350; x_wconf 68' lang='lat' dir='ltr'>hereldes</span> <span class='ocrx_word' id='word_1_296' title='bbox 1351 2294 1436 2335; x_wconf 86' lang='lat' dir='ltr'>eius</span> <span class='ocrx_word' id='word_1_297' title='bbox 1466 2294 1641 2346; x_wconf 81' lang='lat' dir='ltr'>pertinet</span> <span class='ocrx_word' id='word_1_298' title='bbox 1670 2304 1744 2344; x_wconf 86' lang='lat' dir='ltr'>pro</span> <span class='ocrx_word' id='word_1_299' title='bbox 1775 2288 1882 2346; x_wconf 61' lang='lat' dir='ltr'>pori-</span> 
     </span>
     <span class='ocr_line' id='line_1_30' title="bbox 173 2357 1883 2419; baseline -0.004 -14"><span class='ocrx_word' id='word_1_300' title='bbox 173 2363 349 2405; x_wconf 82' lang='lat' dir='ltr'>tionibus</span> <span class='ocrx_word' id='word_1_301' title='bbox 371 2376 448 2417; x_wconf 88' lang='lat' dir='ltr'>qua</span> <span class='ocrx_word' id='word_1_302' title='bbox 471 2364 559 2418; x_wconf 89' lang='lat' dir='ltr'>quis</span> <span class='ocrx_word' id='word_1_303' title='bbox 579 2362 828 2419; x_wconf 65' lang='lat' dir='ltr'>testalmento</span> <span class='ocrx_word' id='word_1_304' title='bbox 850 2365 934 2405; x_wconf 87' lang='lat' dir='ltr'>eius</span> <span class='ocrx_word' id='word_1_305' title='bbox 953 2364 1126 2416; x_wconf 83' lang='lat' dir='ltr'>scriptus</span> <span class='ocrx_word' id='word_1_306' title='bbox 1147 2370 1218 2410; x_wconf 82' lang='lat' dir='ltr'>est,</span> <span class='ocrx_word' id='word_1_307' title='bbox 1243 2362 1251 2418; x_wconf 95' lang='grc' dir='ltr'>Ι</span> <span class='ocrx_word' id='word_1_308' title='bbox 1277 2362 1443 2403; x_wconf 86' lang='lat' dir='ltr'>libertos</span> <span class='ocrx_word' id='word_1_309' title='bbox 1463 2357 1726 2415; x_wconf 70' lang='lat' dir='ltr'>libenasquel</span> <span class='ocrx_word' id='word_1_310' title='bbox 1747 2366 1883 2412; x_wconf 82' lang='lat' dir='ltr'>poste·</span> 
     </span>
    </p>
   </div>
   <div class='ocr_carea' id='block_1_14' title="bbox 175 2444 1263 2543">
    <p class='ocr_par' dir='ltr' id='par_1_16' title="bbox 175 2444 1263 2543">
     <span class='ocr_line' id='line_1_31' title="bbox 175 2444 504 2485; baseline 0.003 -13"><span class='ocrx_word' id='word_1_311' title='bbox 175 2444 321 2485; x_wconf 74' lang='lat' dir='ltr'>rosque</span> <span class='ocrx_word' id='word_1_312' title='bbox 351 2445 504 2473; x_wconf 83' lang='lat' dir='ltr'>eorum.</span> 
     </span>
     <span class='ocr_line' id='line_1_32' title="bbox 290 2497 1263 2543; baseline -0.002 -10"><span class='ocrx_word' id='word_1_313' title='bbox 290 2497 422 2533; x_wconf 73' lang='lat' dir='ltr'>nonae</span> <span class='ocrx_word' id='word_1_314' title='bbox 443 2499 517 2543; x_wconf 87' lang='lat' dir='ltr'>(VI</span> <span class='ocrx_word' id='word_1_315' title='bbox 540 2500 648 2534; x_wconf 69' lang='lat'><strong><em>⁴5840</em></strong></span> <span class='ocrx_word' id='word_1_316' title='bbox 670 2502 816 2543; x_wconf 70' lang='lat' dir='ltr'>caepim</span> <span class='ocrx_word' id='word_1_317' title='bbox 840 2499 1018 2541; x_wconf 69' lang='lat' dir='ltr'>descripta</span> <span class='ocrx_word' id='word_1_318' title='bbox 1042 2509 1133 2533; x_wconf 70' lang='lat' dir='ltr'>saec.</span> <span class='ocrx_word' id='word_1_319' title='bbox 1149 2497 1263 2540; x_wconf 83' lang='lat' dir='ltr'><em>XVI).</em></span> 
     </span>
    </p>
   </div>
   <div class='ocr_carea' id='block_1_15' title="bbox 1732 2555 1880 2559">
    <p class='ocr_par' dir='ltr' id='par_1_17' title="bbox 1732 2555 1880 2559">
     <span class='ocr_line' id='line_1_33' title="bbox 1732 2555 1880 2559; baseline 0 0"><span class='ocrx_word' id='word_1_320' title='bbox 1732 2555 1880 2559; x_wconf 95' lang='lat' dir='ltr'> </span> 
     </span>
    </p>
   </div>
   <div class='ocr_carea' id='block_1_16' title="bbox 178 2587 1886 2951">
    <p class='ocr_par' dir='ltr' id='par_1_18' title="bbox 178 2587 1883 2783">
     <span class='ocr_line' id='line_1_34' title="bbox 288 2587 1883 2646; baseline -0.006 -10"><span class='ocrx_word' id='word_1_321' title='bbox 288 2589 406 2636; x_wconf 51' lang='grc' dir='ltr'><strong><em>ω</em></strong></span> <span class='ocrx_word' id='word_1_322' title='bbox 460 2593 512 2633; x_wconf 73' lang='grc' dir='ltr'>Μ.</span> <span class='ocrx_word' id='word_1_323' title='bbox 534 2594 703 2634; x_wconf 80' lang='lat' dir='ltr'>Rutilius</span> <span class='ocrx_word' id='word_1_324' title='bbox 732 2594 802 2646; x_wconf 84' lang='lat' dir='ltr'>Sp.</span> <span class='ocrx_word' id='word_1_325' title='bbox 834 2594 860 2632; x_wconf 82' lang='lat' dir='ltr'>s.</span> <span class='ocrx_word' id='word_1_326' title='bbox 890 2593 973 2634; x_wconf 82' lang='lat' dir='ltr'>Col.</span> <span class='ocrx_word' id='word_1_327' title='bbox 995 2593 1114 2644; x_wconf 81' lang='lat' dir='ltr'>Niger</span> <span class='ocrx_word' id='word_1_328' title='bbox 1138 2591 1145 2646; x_wconf 97' lang='grc' dir='ltr'>Ι</span> <span class='ocrx_word' id='word_1_329' title='bbox 1173 2598 1328 2644; x_wconf 87' lang='lat' dir='ltr'>emptor</span> <span class='ocrx_word' id='word_1_330' title='bbox 1357 2591 1519 2630; x_wconf 80' lang='lat' dir='ltr'>adiectis</span> <span class='ocrx_word' id='word_1_331' title='bbox 1548 2588 1726 2641; x_wconf 85' lang='lat' dir='ltr'>partibus</span> <span class='ocrx_word' id='word_1_332' title='bbox 1752 2589 1758 2638; x_wconf 94' lang='grc' dir='ltr'>Ι</span> <span class='ocrx_word' id='word_1_333' title='bbox 1785 2587 1883 2627; x_wconf 79' lang='lat' dir='ltr'>iuris</span> 
     </span>
     <span class='ocr_line' id='line_1_35' title="bbox 178 2655 1882 2716; baseline -0.004 -17"><span class='ocrx_word' id='word_1_334' title='bbox 178 2660 227 2708; x_wconf 85' lang='lat' dir='ltr'>Q.</span> <span class='ocrx_word' id='word_1_335' title='bbox 258 2659 426 2712; x_wconf 79' lang='lat' dir='ltr'>Appulei</span> <span class='ocrx_word' id='word_1_336' title='bbox 456 2659 663 2714; x_wconf 74' lang='lat' dir='ltr'>Eutychi¹.</span> <span class='ocrx_word' id='word_1_337' title='bbox 692 2660 700 2716; x_wconf 94' lang='grc' dir='ltr'>Ι</span> <span class='ocrx_word' id='word_1_338' title='bbox 735 2660 778 2702; x_wconf 88' lang='lat' dir='ltr'>C.</span> <span class='ocrx_word' id='word_1_339' title='bbox 800 2661 1017 2714; x_wconf 78' lang='lat' dir='ltr'>Appuleius</span> <span class='ocrx_word' id='word_1_340' title='bbox 1044 2658 1091 2702; x_wconf 76' lang='lat' dir='ltr'>D.</span> <span class='ocrx_word' id='word_1_341' title='bbox 1121 2661 1147 2700; x_wconf 90' lang='lat' dir='ltr'>l.</span> <span class='ocrx_word' id='word_1_342' title='bbox 1179 2660 1338 2701; x_wconf 87' lang='lat' dir='ltr'>Dolicus</span> <span class='ocrx_word' id='word_1_343' title='bbox 1368 2659 1407 2698; x_wconf 92' lang='lat' dir='ltr'>in</span> <span class='ocrx_word' id='word_1_344' title='bbox 1442 2663 1553 2710; x_wconf 86' lang='lat' dir='ltr'>parte</span> <span class='ocrx_word' id='word_1_345' title='bbox 1578 2655 1585 2710; x_wconf 97' lang='grc' dir='ltr'>Ι</span> <span class='ocrx_word' id='word_1_346' title='bbox 1611 2657 1709 2696; x_wconf 81' lang='lat' dir='ltr'>iuris</span> <span class='ocrx_word' id='word_1_347' title='bbox 1740 2655 1782 2695; x_wconf 87' lang='lat' dir='ltr'>P.</span> <span class='ocrx_word' id='word_1_348' title='bbox 1803 2657 1882 2707; x_wconf 78' lang='lat' dir='ltr'>Ap-</span> 
     </span>
     <span class='ocr_line' id='line_1_36' title="bbox 178 2724 1072 2783; baseline -0.003 -13"><span class='ocrx_word' id='word_1_349' title='bbox 178 2728 284 2782; x_wconf 89' lang='lat' dir='ltr'>pulei</span> <span class='ocrx_word' id='word_1_350' title='bbox 316 2727 492 2768; x_wconf 49' lang='lat' dir='ltr'>Felicis&amp;</span> <span class='ocrx_word' id='word_1_351' title='bbox 518 2724 526 2780; x_wconf 91' lang='grc' dir='ltr'>Ι</span> <span class='ocrx_word' id='word_1_352' title='bbox 551 2727 603 2768; x_wconf 71' lang='lat' dir='ltr'>u.</span> <span class='ocrx_word' id='word_1_353' title='bbox 632 2728 843 2769; x_wconf 83' lang='lat' dir='ltr'>Castricius</span> <span class='ocrx_word' id='word_1_354' title='bbox 872 2728 1072 2783; x_wconf 75' lang='lat' dir='ltr'>Mysticus.</span> 
     </span>
    </p>

    <p class='ocr_par' dir='ltr' id='par_1_19' title="bbox 179 2789 1886 2951">
     <span class='ocr_line' id='line_1_37' title="bbox 291 2789 1886 2836; baseline -0.006 -7"><span class='ocrx_word' id='word_1_355' title='bbox 291 2794 423 2829; x_wconf 72' lang='lat' dir='ltr'>Romae</span> <span class='ocrx_word' id='word_1_356' title='bbox 454 2793 526 2836; x_wconf 85' lang='lat' dir='ltr'>(VI</span> <span class='ocrx_word' id='word_1_357' title='bbox 543 2794 650 2828; x_wconf 73' lang='lat'><strong><em>7⁴59·</em></strong></span> <span class='ocrx_word' id='word_1_358' title='bbox 677 2795 769 2828; x_wconf 69' lang='lat' dir='ltr'>viem</span> <span class='ocrx_word' id='word_1_359' title='bbox 793 2795 953 2836; x_wconf 55' lang='lat' dir='ltr'>Beuum·</span> <span class='ocrx_word' id='word_1_360' title='bbox 986 2793 1034 2835; x_wconf 63' lang='lat' dir='ltr'>ct:</span> <span class='ocrx_word' id='word_1_361' title='bbox 1061 2795 1225 2827; x_wconf 65' lang='lat' dir='ltr'>Huebner</span> <span class='ocrx_word' id='word_1_362' title='bbox 1247 2804 1304 2826; x_wconf 72' lang='lat' dir='ltr'>ose.</span> <span class='ocrx_word' id='word_1_363' title='bbox 1326 2802 1396 2825; x_wconf 72' lang='lat' dir='ltr'>ser.</span> <span class='ocrx_word' id='word_1_364' title='bbox 1419 2793 1534 2834; x_wconf 75' lang='lat' dir='ltr'>epigr.</span> <span class='ocrx_word' id='word_1_365' title='bbox 1558 2801 1593 2824; x_wconf 81' lang='lat' dir='ltr'>n.</span> <span class='ocrx_word' id='word_1_366' title='bbox 1616 2790 1732 2831; x_wconf 73' lang='lat'><strong><em>4046).</em></strong></span> <span class='ocrx_word' id='word_1_367' title='bbox 1779 2789 1886 2822; x_wconf 73' lang='lat' dir='ltr'>Prae·</span> 
     </span>
     <span class='ocr_line' id='line_1_38' title="bbox 179 2845 1883 2894; baseline -0.005 -8"><span class='ocrx_word' id='word_1_368' title='bbox 179 2852 274 2885; x_wconf 70' lang='lat' dir='ltr'>uait</span> <span class='ocrx_word' id='word_1_369' title='bbox 303 2853 343 2884; x_wconf 75' lang='lat' dir='ltr'>in</span> <span class='ocrx_word' id='word_1_370' title='bbox 366 2850 486 2884; x_wconf 73' lang='lat' dir='ltr'>eodem</span> <span class='ocrx_word' id='word_1_371' title='bbox 511 2849 630 2893; x_wconf 73' lang='lat' dir='ltr'>lapide</span> <span class='ocrx_word' id='word_1_372' title='bbox 658 2850 845 2894; x_wconf 70' lang='lat' dir='ltr'>catalogus</span> <span class='ocrx_word' id='word_1_373' title='bbox 873 2861 997 2885; x_wconf 72' lang='lat' dir='ltr'>eorum</span> <span class='ocrx_word' id='word_1_374' title='bbox 1029 2854 1093 2894; x_wconf 81' lang='lat' dir='ltr'>qui</span> <span class='ocrx_word' id='word_1_375' title='bbox 1116 2851 1380 2883; x_wconf 69' lang='lat' dir='ltr'>monumentum</span> <span class='ocrx_word' id='word_1_376' title='bbox 1405 2845 1588 2887; x_wconf 73' lang='lat' dir='ltr'>fecerant,</span> <span class='ocrx_word' id='word_1_377' title='bbox 1621 2846 1669 2886; x_wconf 62' lang='lat' dir='ltr'>eli</span> <span class='ocrx_word' id='word_1_378' title='bbox 1693 2850 1766 2880; x_wconf 78' lang='lat' dir='ltr'>not.</span> <span class='ocrx_word' id='word_1_379' title='bbox 1781 2845 1814 2879; x_wconf 74' lang='lat'>4.</span> <span class='ocrx_word' id='word_1_380' title='bbox 1841 2864 1883 2869; x_wconf 94' lang='lat'><strong>—</strong></span> 
     </span>
     <span class='ocr_line' id='line_1_39' title="bbox 181 2902 1886 2951; baseline -0.006 -8"><span class='ocrx_word' id='word_1_381' title='bbox 181 2909 216 2946; x_wconf 81' lang='lat' dir='ltr'>l)</span> <span class='ocrx_word' id='word_1_382' title='bbox 240 2907 280 2951; x_wconf 77' lang='lat' dir='ltr'>O.</span> <span class='ocrx_word' id='word_1_383' title='bbox 298 2908 494 2951; x_wconf 60' lang='lat' dir='ltr'>Appuleffus</span> <span class='ocrx_word' id='word_1_384' title='bbox 510 2906 697 2949; x_wconf 70' lang='lat' dir='ltr'>Eutychus</span> <span class='ocrx_word' id='word_1_385' title='bbox 720 2909 754 2939; x_wconf 69' lang='lat' dir='ltr'><strong><em>d</em></strong></span> <span class='ocrx_word' id='word_1_386' title='bbox 777 2908 815 2942; x_wconf 78' lang='lat' dir='ltr'>P.</span> <span class='ocrx_word' id='word_1_387' title='bbox 830 2907 1029 2950; x_wconf 72' lang='lat' dir='ltr'>Appuleius</span> <span class='ocrx_word' id='word_1_388' title='bbox 1048 2907 1159 2940; x_wconf 65' lang='lat' dir='ltr'>Fetia-</span> <span class='ocrx_word' id='word_1_389' title='bbox 1182 2907 1417 2938; x_wconf 71' lang='lat' dir='ltr'>nominantur</span> <span class='ocrx_word' id='word_1_390' title='bbox 1439 2906 1479 2936; x_wconf 82' lang='lat' dir='ltr'>in</span> <span class='ocrx_word' id='word_1_391' title='bbox 1502 2903 1621 2936; x_wconf 70' lang='lat' dir='ltr'>eodem</span> <span class='ocrx_word' id='word_1_392' title='bbox 1647 2902 1765 2947; x_wconf 79' lang='lat' dir='ltr'>lapide</span> <span class='ocrx_word' id='word_1_393' title='bbox 1788 2903 1886 2933; x_wconf 72' lang='lat' dir='ltr'>inter·</span> 
     </span>
    </p>
   </div>
   <div class='ocr_carea' id='block_1_17' title="bbox 180 2958 1885 3055">
    <p class='ocr_par' dir='ltr' id='par_1_20' title="bbox 180 2958 1885 3055">
     <span class='ocr_line' id='line_1_40' title="bbox 180 2958 1885 3008; baseline -0.005 -9"><span class='ocrx_word' id='word_1_394' title='bbox 180 2974 240 2999; x_wconf 70' lang='grc' dir='ltr'>σοι</span> <span class='ocrx_word' id='word_1_395' title='bbox 256 2966 320 3008; x_wconf 79' lang='lat' dir='ltr'>qui</span> <span class='ocrx_word' id='word_1_396' title='bbox 335 2965 600 2997; x_wconf 72' lang='lat' dir='ltr'>monumentum</span> <span class='ocrx_word' id='word_1_397' title='bbox 616 2961 798 3005; x_wconf 50' lang='lat' dir='ltr'>seman&amp;</span> <span class='ocrx_word' id='word_1_398' title='bbox 820 2964 860 2996; x_wconf 72' lang='lat' dir='ltr'>in</span> <span class='ocrx_word' id='word_1_399' title='bbox 884 2964 1012 2997; x_wconf 73' lang='lat' dir='ltr'>honam</span> <span class='ocrx_word' id='word_1_400' title='bbox 1036 2964 1189 2996; x_wconf 78' lang='lat' dir='ltr'>duorum</span> <span class='ocrx_word' id='word_1_401' title='bbox 1209 2961 1324 2994; x_wconf 72' lang='lat' dir='ltr'>laeum</span> <span class='ocrx_word' id='word_1_402' title='bbox 1340 2964 1492 3003; x_wconf 76' lang='lat' dir='ltr'>apparel</span> <span class='ocrx_word' id='word_1_403' title='bbox 1506 2961 1712 2993; x_wconf 58' lang='lat' dir='ltr'>successisse</span> <span class='ocrx_word' id='word_1_404' title='bbox 1727 2958 1885 3000; x_wconf 68' lang='lat' dir='ltr'>mgr-um</span> 
     </span>
     <span class='ocr_line' id='line_1_41' title="bbox 181 3020 443 3055; baseline -0.004 -1"><span class='ocrx_word' id='word_1_405' title='bbox 181 3023 218 3054; x_wconf 74' lang='lat' dir='ltr'>ot</span> <span class='ocrx_word' id='word_1_406' title='bbox 238 3020 443 3055; x_wconf 69' lang='lat' dir='ltr'>Dolichum.</span> 
     </span>
    </p>
   </div>
  </div>
 </body>
</html>
