2196 3412
349 177 432 216 882
1077 177 1197 222 Caput
1218 174 1336 212 XVII.

349 294 504 337 positum
519 294 560 326 in
575 292 729 326 medium
754 302 785 328 υ.
802 291 833 325 1.
857 309 902 316 -
926 292 961 333 2)
987 291 1087 323 Hanc
1111 300 1184 322 esse
1198 289 1442 323 Fortunatam
1464 299 1615 324 uoeorcm
1643 288 1920 323 Trimalchionis
1935 289 2057 323 stero-

349 351 471 390 niani,
507 349 707 390 Encolpium
740 350 859 381 autem
892 349 968 380 eius
996 348 1167 380 maritum
1200 356 1273 378 csse
1301 347 1420 388 ipsum
1453 345 1751 380 Trimalchionem
1780 346 1852 379 sibi
1879 345 2059 388 persuasit

350 405 513 439 Niebuhr·
537 408 604 438 aet.
631 405 731 437 acad.
756 403 873 437 Beroe.
897 403 1027 448 4822s3
1048 414 1085 447 p.
1100 403 1179 437 254.
1210 421 1253 427 -
1290 403 1324 444 3)
1349 401 1449 436 Vixi.
1471 421 1519 427 —
1553 403 1588 444 4)
1612 402 1697 436 Sine
1720 402 1795 436 ulla
1820 400 1988 445 querella.
2013 419 2057 426 —·

351 464 384 505 5)
418 462 514 496 Idem
539 461 593 494 VI
613 461 732 495 11985.
771 479 817 485 -
858 461 892 503 6)
925 458 978 500 Cf:
1003 458 1106 499 infra
1130 458 1177 493 N.
1199 459 1293 493 8285
1309 469 1380 502 seq.
1418 477 1464 484 -·
1503 460 1537 502 7)
1566 459 1644 495 Ser.
1669 458 1761 504 quid.
1800 476 1848 483 —-
1885 458 1920 499 8)
1950 457 2059 492 Aneo-

350 519 524 552 scholarii
549 518 733 560 virginum
758 516 958 551 Vestalium
990 517 1176 559 praeterea
1202 516 1323 558 ignoti
1346 514 1616 560 (antescholarii
1639 516 1849 549 vocabulum
1869 517 2058 558 praetor-sa

350 576 491 608 Patron.
514 572 587 618 81).
626 592 670 598 -
711 575 746 614 9)
773 571 826 613 Cf.
853 573 900 606 ad
924 571 968 607 N.
992 572 1096 607 8251.
1135 591 1181 597 -
1226 574 1279 615 10)
1310 572 1364 605 De
1395 573 1463 606 hac
1488 573 1756 615 praepositione
1787 572 1926 606 Charis.
1949 571 1992 614 2,
2015 569 2060 604 15

352 642 389 675 p.
405 632 487 671 250,
505 630 557 664 18.
583 631 663 671 251,
677 631 726 664 22
743 631 797 663 ed.
815 629 910 674 Rem
944 630 1111 664 Placidus
1136 629 1238 673 Corp.
1260 628 1370 663 Gloss.
1387 628 1471 664 Lat.
1489 630 1571 672 Vp.
1586 630 1634 664 55
1651 633 1714 662 cet.
1754 628 1946 662 Buecheler·
1966 636 2060 662 mus.

351 687 458 722 anan.
474 687 530 729 54,
546 687 632 722 4896
645 687 770 730 μω.
793 705 838 711 -
868 688 923 729 11)
947 687 1026 722 Ser.
1053 680 1111 722 ὅτι
1137 680 1208 722 οὐκ
1232 681 1288 722 ὢν
1310 678 1358 731 ἦν
1375 685 1568 730 (Mainake)
1585 686 1641 719 „01
1665 679 1725 722 ὅτι
1747 676 1805 731 ἦν,
1829 676 1896 720 ὅτε
1921 677 1992 720 οὐκ
2013 675 2061 729 ἦν

351 744 555 789 (Momms.).

464 858 578 905 8157
623 873 657 900 v.
673 873 708 900 a.
727 860 806 900 LII.
834 858 841 915 Ι
867 859 912 899 D.
930 872 982 899 m.
1010 858 1016 914 Ι
1044 859 1101 899 Ti.
1120 859 1254 900 Claudi
1270 860 1456 907 Secundi,
1476 858 1481 915 Ι
1501 860 1565 900 hic
1586 871 1720 900 secum
1741 859 1861 899 habet
1880 858 2026 899 omnia.
2050 856 2058 911 Ι

624 929 768 969 Balnea
800 929 888 969 vina
919 928 1076 968 Venus¹
1104 927 1109 983 Ι
1136 935 1403 981 corrumpunt
1433 940 1600 981 corpora
1626 926 1632 981 Ι
1660 934 1807 968 nostra.
1986 928 1990 932 “

714 997 783 1038 Set
811 997 928 1037 vitam
959 997 1109 1037 faciunt
1134 994 1140 1051 Ι
1168 996 1206 1036 b.
1237 1010 1272 1037 v.
1303 997 1346 1037 V.
1374 996 1380 1051 Ι

356 1065 459 1106 Karo
490 1065 764 1106 contubernal.
792 1064 798 1119 Ι
826 1066 899 1107 fec.
930 1065 1092 1118 Merope
1123 1065 1232 1106 Caes.
1258 1065 1266 1120 Ι
1293 1071 1332 1106 et
1360 1065 1433 1106 sibi
1464 1072 1504 1106 et
1532 1065 1614 1106 suis
1643 1078 1682 1117 p.
1714 1077 1748 1104 e.

465 1131 597 1165 Romae
626 1131 700 1177 (VJ
718 1132 833 1167 15258
863 1131 911 1173 cf.
936 1143 971 1176 p.
986 1132 1076 1167 5517
1105 1134 1248 1177 saepius
1274 1133 1452 1175 descripta
1483 1142 1576 1166 saec.
1599 1131 1675 1166 XV.
1699 1131 1804 1172 XVI;
1839 1130 1932 1163 vidit
1953 1131 2063 1162 otiam

353 1199 444 1224 saec.
462 1188 568 1223 XVII
592 1188 758 1234 Gudeus).
805 1189 999 1223 Buecheler·
1023 1200 1133 1223 carm.
1157 1191 1271 1233 epigr,
1294 1200 1331 1223 n.
1346 1189 1442 1223 1499.
1466 1209 1510 1214 -
1550 1190 1582 1231 1)
1607 1189 1703 1222 Idem
1726 1187 1986 1222 hemistichium
2011 1184 2068 1218 ΙΙΙ

357 1245 492 1279 122740.
522 1244 612 1279 XIV
621 1246 686 1279 914
711 1245 772 1290 (ιι-
789 1246 985 1280 Buecheler
1008 1257 1044 1281 n.
1060 1245 1165 1290 1518)
1189 1257 1220 1280 υ.
1236 1248 1272 1280 5.
1298 1265 1338 1270 -
1364 1246 1424 1280 Ad
1446 1247 1541 1279 hunc
1565 1246 1710 1279 titulum
1733 1244 1840 1286 fictus
1866 1243 1900 1278 V
1910 1241 2019 1278 590*.

466 1359 583 1406 8158
641 1362 676 1403 d.
707 1371 841 1416 (ascia)
872 1369 911 1402 et
942 1371 1076 1417 (ascia)
1107 1374 1160 1401 m.
1195 1360 1201 1416 Ι
1239 1363 1451 1402 memoriae
1482 1369 1632 1403 aetern.
1660 1359 1667 1414 Ι
1702 1360 1932 1402 Blandiniae
1962 1358 2066 1399 Mar-

357 1430 473 1470 tiolae
505 1430 658 1483 puellae
698 1429 705 1486 Ι
744 1431 1096 1472 innocentissimae
1127 1443 1227 1483 quae
1258 1431 1353 1471 vixit
1393 1429 1399 1485 Ι
1441 1443 1535 1470 ann.
1564 1429 1687 1469 XVIII
1727 1441 1778 1469 m.
1808 1427 1913 1469 vnn
1952 1426 1990 1467 d.
2024 1425 2067 1475 V,

356 1499 569 1552 Pompeius
609 1497 616 1553 Ι
657 1499 815 1540 Catussa
847 1500 972 1539 cives¹
1013 1500 1221 1552 Sequanus
1260 1497 1429 1554 tecltor²
1464 1498 1625 1551 coniugi
1656 1495 1954 1551 incomparabili
1987 1491 1996 1550 Ι
2029 1499 2070 1534 et

356 1566 431 1607 sibi
460 1568 758 1619 benignissime,
791 1580 891 1620 quae
921 1565 1088 1623 melcum
1119 1568 1214 1608 vixit
1243 1580 1308 1607 an.
1331 1567 1361 1605 V
1392 1580 1443 1607 m.
1466 1567 1515 1606 VI
1545 1567 1583 1606 d.
1604 1565 1727 1606 XVIII
1753 1562 1760 1621 Ι
1786 1565 1872 1606 sine
1901 1564 1964 1605 ula
1981 1567 2067 1612 (sic)

357 1636 535 1676 criminis
555 1637 694 1685 sorde;
725 1637 810 1677 vius
836 1636 843 1690 Ι
869 1636 944 1676 sibi
976 1644 1016 1677 et
1045 1637 1205 1688 coniugi
1237 1636 1468 1689 ponendum
1500 1632 1665 1690 culravit
1696 1641 1736 1674 et
1764 1634 1838 1674 sub
1867 1633 1969 1674 ascia
1998 1631 2067 1671 de-

357 1703 528 1744 dicavit-³.
556 1701 562 1758 Ι
590 1704 649 1744 Tu
670 1705 738 1757 qui
760 1705 869 1758 legis,
891 1705 984 1745 vade
1005 1706 1045 1745 in
1065 1705 1243 1758 Apolinis
1257 1708 1341 1752 (sic)
1369 1703 1374 1759 Ι
1402 1705 1533 1753 lavari,
1555 1704 1660 1756 quod
1683 1715 1757 1755 ego
1778 1714 1870 1743 cum
1885 1697 2069 1755 coniulge

357 1773 454 1821 feci;
485 1772 624 1812 vellem
654 1773 686 1813 si
716 1774 817 1813 aduc
842 1777 927 1822 (sic)
963 1785 1135 1826 possem.

471 1838 644 1881 Lugduni
668 1839 772 1880 (XIII
787 1840 876 1874 1985
899 1840 992 1874 vidit
1009 1837 1301 1883 Hirschfeld).-—
1329 1841 1360 1882 1)
1389 1837 1444 1879 cr.
1460 1849 1572 1882 supra
1589 1836 1636 1871 N.
1646 1838 1738 1871 4655
1753 1838 1826 1871 not.
1839 1836 1929 1870 1.-
1952 1836 1986 1876 2)
2012 1832 2068 1874 Cf.

360 1893 407 1929 Ν.
430 1895 514 1928 7667
528 1906 598 1938 seq.
623 1915 669 1920 —
693 1897 727 1938 3)
755 1895 810 1936 ol:
835 1896 881 1932 Ν.
897 1897 981 1931 8141
1007 1899 1082 1931 not.
1098 1897 1133 1931 5.

472 2008 587 2055 8159
647 2011 733 2052 Seia
765 2012 808 2055 Τ.
842 2013 868 2052 s.
899 2012 1128 2053 Marcellina
1158 2012 1232 2053 sibi
1265 2019 1307 2052 et
1331 2015 1338 2066 Ι
1364 2011 1559 2052 Vibennio
1591 2011 1818 2052 Marcellino
1848 2009 1927 2051 filio
1953 2007 1960 2064 Ι
1986 2008 2070 2047 viva

362 2079 505 2132 posuit.
535 2077 541 2133 Ι
568 2079 681 2126 Quod
713 2080 847 2129 voluit,
879 2086 918 2120 et
947 2081 1088 2133 potuit,
1120 2080 1226 2132 quod
1257 2079 1389 2133 potuit
1418 2085 1458 2120 et
1487 2079 1621 2120 voluit.

477 2145 651 2180 caesenae
676 2146 743 2188 (XI
764 2149 832 2181 568
856 2147 947 2180 vidit
971 2146 1184 2192 Bormann).

474 2260 590 2307 8160
647 2263 706 2304 dis
736 2263 919 2304 manibus
957 2261 964 2320 Ι
1006 2264 1112 2304 Sexti
1143 2263 1379 2316 Perpennae
1405 2263 1539 2303 Firmi.
1579 2261 1585 2317 Ι
1630 2263 1711 2303 Vixi
1743 2260 2070 2315 quemadmodum

366 2330 491 2379 volui;
519 2329 525 2384 Ι
551 2343 673 2381 quare
705 2339 855 2372 mortus
885 2344 992 2378 sum,
1026 2332 1172 2372 nescio.

478 2395 608 2429 Romae
639 2397 710 2437 (VI
729 2399 844 2431 25942
875 2399 1057 2441 reperitur
1084 2400 1122 2430 in
1145 2398 1297 2442 syllogis
1321 2408 1414 2431 saec.
1437 2397 1513 2439 XV,
1547 2396 1640 2430 undo
1660 2396 1815 2439 pandone
1836 2396 2072 2438 poscor-tom.-

366 2452 511 2485 videtur
529 2452 722 2497 genuina).

478 2565 592 2612 8161
652 2568 761 2620 lege¹
798 2576 838 2608 et
869 2569 1006 2609 credel
1034 2568 1041 2623 Ι
1069 2569 1144 2609 hoc
1175 2576 1254 2618 est,
1285 2571 1341 2610 sic
1371 2577 1449 2619 est,
1481 2569 1575 2609 aliut
1605 2570 1688 2609 fieri
1721 2581 1802 2609 non
1833 2568 1959 2609 licet&

480 2645 622 2688 Romae,
645 2656 743 2679 nunc
761 2646 881 2688 Calai,
905 2647 1164 2689 sarcophagus,
1187 2649 1226 2679 in
1243 2658 1311 2690 quo
1327 2647 1460 2691 sculpti
1477 2649 1547 2680 vir-i
1562 2658 1670 2691 equos
1686 2648 1851 2681 ducentes
1876 2646 1948 2691 (VI
1958 2646 2074 2682 8995,

368 2702 461 2735 vidie
477 2701 668 2735 Mommsen
676 2710 692 2745 ,⁶
714 2702 897 2736 Dileschlse
913 2702 1026 2736 ontik.
1044 2702 1246 2736 Bildwerke
1264 2703 1432 2737 obet-ital.
1451 2703 1483 2737 V
1498 2702 1586 2748 466).
1621 2704 1817 2738 Buecheler
1831 2713 1943 2738 cam.
1957 2705 2073 2747 epigr.

368 2769 403 2792 π.
422 2759 497 2793 247.
532 2778 576 2783 -
615 2760 646 2801 1)
671 2758 733 2792 Sic
758 2760 980 2803 antiquiores
1003 2758 1187 2799 nonnum,
1218 2770 1286 2802 pro
1308 2761 1480 2793 vocabulo
1504 2760 1687 2802 deperdito
1717 2771 1813 2794 nunc
1835 2760 1980 2794 videtur
2002 2770 2076 2793 ess·

369 2817 575 2847 restitutum
599 2825 680 2858 rege
704 2817 878 2859 (remis-le
903 2815 1104 2860 Diluntum).
1138 2835 1185 2840 —
1221 2817 1254 2858 2)
1281 2815 1336 2855 cf.
1361 2816 1412 2849 V!
1433 2815 1557 2850 49007:
1582 2817 1646 2851 boc
1671 2816 1768 2862 es[l];
1792 2817 1843 2851 sic
1866 2821 1938 2857 eetz
1961 2816 2073 2859 elium

369 2868 443 2904 fleri
470 2880 537 2904 non
563 2875 698 2913 potest3
724 2872 788 2906 hoc
812 2872 855 2905 ad
882 2882 944 2907 nos
970 2872 1224 2916 (subscriptum
1249 2874 1407 2905 carmini
1428 2872 1622 2906 Buecheler·
1643 2873 1740 2918 562).

482 2983 626 3031 8161“
662 2987 711 3028 Μ.
734 2989 931 3040 Ogulnius
957 2990 964 3040 Ι
990 2988 1040 3029 Μ.
1070 2988 1093 3029 l.
1128 2988 1241 3029 Rufio
1268 2986 1274 3043 Ι
1302 2989 1364 3029 hic
1395 2996 1453 3030 est
1484 2998 1522 3030 et
1553 3003 1633 3031 non
1662 2988 1669 3044 Ι
1695 2996 1765 3031 est.

484 3050 616 3085 Romae
639 3054 678 3086 in
701 3058 927 3088 monumento
951 3054 1116 3095 familiae
1135 3055 1336 3096 Marcellos,
1362 3055 1409 3095 cf.
1433 3055 1478 3090 Ν.
1493 3057 1579 3091 7879
1603 3056 1674 3101 (VI
1684 3057 1776 3092 4652
1800 3055 1890 3090 vidie
1906 3055 2076 3101 umen).
