2196 3412
361 188 444 229 900
1071 189 1191 235 caput
1213 188 1330 226 xvu.

360 304 481 345 ceteri
520 304 634 345 amici
673 305 899 356 ignoscetis.
959 304 1045 344 Hoc
1083 302 1401 358 monulmentum
1439 305 1633 358 hospitem
1674 319 1755 347 non
1791 307 1943 360 recipct
1966 311 2066 358 (eie).

359 371 467 412 Vene
496 371 643 412 valetis.

473 437 616 479 Romae,
641 440 713 471 iam
742 440 780 471 in
805 438 924 471 insula
942 439 1081 472 maiore
1097 438 1308 472 Balearium
1335 437 1405 482 (VI
1418 439 1508 473 7582
1531 440 1625 474 vidit
1648 440 1837 480 Huebner).
1861 459 1906 466 —
1932 442 1964 485 1)
1988 439 2068 476 Glu-

357 497 521 529 rissimae
543 496 735 527 memoriae
759 496 839 529 viri.
863 513 909 518 —
933 496 967 536 2)
992 495 1123 528 Iterum
1142 495 1298 529 consulis
1322 494 1372 539 (a.
1386 505 1422 538 p.
1444 495 1526 533 Chr.
1541 496 1615 539 480,
1639 495 1686 538 ef.
1704 508 1814 541 supra
1832 496 1878 532 N.
1894 497 2004 538 4447).
2022 517 2067 524 -

357 553 390 593 3)
417 551 659 594 Sr'gnificatur
682 550 855 594 officium,
880 553 1039 585 cursoris
1062 555 1103 585 ut
1125 552 1269 585 videtur
1292 551 1359 596 (cll
1384 562 1494 595 supra
1520 551 1565 586 N.
1582 552 1683 598 4746)
1706 557 1747 586 ut
1770 553 1942 588 Gor-mam·
1961 565 2065 588 voea-

357 607 438 640 bulo
465 606 628 647 officium
646 609 809 651 corporis
833 607 991 641 custodis
1015 611 1142 652 (supra
1166 608 1211 642 N.
1227 605 1414 652 amoq).
1445 627 1491 633 —
1521 611 1557 651 4)
1583 609 1714 644 consue
1735 622 1770 645 a.
1787 610 1860 646 487.
2048 599 2056 606 ’

467 709 583 757 8266
641 712 679 754 d.
710 725 759 753 m.
786 711 793 766 Ι
822 713 865 753 L.
897 713 1019 754 lulius
1050 713 1094 753 L.
1126 714 1178 754 fil.
1210 714 1290 754 Pal.
1317 711 1324 768 Ι
1352 713 1543 755 Crescens
1570 715 1576 765 Ι
1612 715 1704 756 fecit
1732 715 1807 756 sibi
1833 713 1841 772 Ι
1866 723 1907 756 et
1934 716 2064 758 libert.

354 779 612 833 libertabusq.
643 781 736 829 suis,
780 779 786 836 Ι
827 782 878 821 ita
909 788 952 822 ut
981 782 1013 822 si
1045 783 1167 822 exteri
1201 782 1373 822 nominis
1404 782 1569 822 heredes
1595 780 1601 837 Ι
1628 782 1805 824 habuero
1837 797 1906 826 eos
1934 785 2066 838 quoad

354 849 484 889 vivent
514 849 553 888 in
587 849 662 889 hoe
695 848 701 905 Ι
738 850 1028 890 monimentum
1060 850 1121 890 ius
1150 849 1296 890 habere
1326 850 1432 898 volo,
1473 850 1524 890 ita
1561 848 1568 906 Ι
1608 864 1658 891 ue
1696 851 1744 891 de
1777 853 1939 895 nomine
1974 865 2064 894 meo

354 917 456 958 exiat
485 923 554 957 aut
584 929 635 958 ne
664 917 763 958 alius
789 916 795 973 Ι
822 917 961 958 titulus
992 918 1152 958 alterius
1190 917 1363 959 nominis
1392 918 1608 972 inscriptus
1633 917 1641 974 Ι
1667 919 1867 973 infigatur,
1906 927 1946 962 et
1974 927 2065 975 post

353 997 490 1026 eorum
522 998 685 1026 excessu
716 998 876 1025 omnem
910 983 917 1041 Ι
953 986 1013 1027 ius
1043 986 1160 1027 huius
1190 986 1424 1026 monimenti
1463 987 1510 1027 ad
1551 987 1681 1028 libert.
1712 988 1923 1042 liberitasq.
1953 1001 2064 1030 meos

351 1061 392 1094 et
411 1060 609 1106 postteros
626 1058 708 1102 (sic)
732 1066 814 1094 eor.
838 1054 1038 1107 pertinere
1059 1055 1158 1094 volo.
1188 1052 1194 1109 Ι
1221 1054 1265 1094 ln
1288 1055 1392 1094 fron.
1416 1068 1454 1108 p.
1473 1054 1670 1105 xxxvn,
1701 1055 1871 1098 bersur.¹
1891 1057 2062 1099 sinister.

351 1135 389 1175 p.
411 1122 533 1170 XLV;
561 1120 567 1177 Ι
602 1123 641 1163 in
675 1135 770 1174 agro
801 1123 930 1175 paries
961 1123 1069 1174 long.
1099 1135 1139 1175 p.
1161 1122 1238 1162 LV.

467 1190 596 1223 Romae
621 1189 689 1233 (Vl
713 1190 820 1224 49945
845 1189 936 1223 vidit
961 1191 1002 1223 de
1019 1189 1151 1234 Romi).
1177 1209 1221 1214 —
1249 1192 1288 1241 1),
1306 1189 1479 1224 Ver-eura.

463 1281 579 1328 8267
638 1284 674 1323 d.
706 1297 757 1324 m.
785 1281 792 1338 Ι
824 1284 867 1324 Ρ.
898 1284 1030 1324 Aelius
1060 1284 1160 1336 Aug.
1191 1283 1259 1324 lib.
1292 1283 1510 1325 Restitutus
1542 1282 1549 1338 Ι
1583 1293 1821 1337 procurator
1850 1292 1890 1326 et
1918 1286 1993 1327 sibi
2023 1292 2064 1327 et

350 1352 500 1393 libertis
526 1351 532 1406 Ι
559 1351 858 1403 libertabusque
889 1351 970 1392 suis
1001 1352 1054 1395 f.²,
1095 1352 1187 1392 item
1219 1352 1265 1392 iis
1297 1349 1303 1406 Ι
1339 1364 1439 1404 quos
1469 1365 1512 1393 se
1541 1353 1627 1392 vius
1657 1353 1883 1394 manumisit
1915 1351 1986 1409 etl
2019 1355 2059 1394 in

351 1432 562 1461 numerum
594 1419 828 1460 libertorum
860 1416 1070 1475 orldinavit
1101 1427 1139 1460 et
1168 1419 1396 1461 collibertos
1425 1432 1519 1461 suos
1549 1420 1652 1469 fecit,
1680 1418 1686 1475 Ι
1713 1421 1963 1475 posterisque
1994 1435 2060 1462 eo-

349 1501 450 1528 rum.
512 1489 559 1528 H.
590 1500 642 1528 m.
673 1487 712 1527 h.
744 1501 785 1527 n.
817 1501 846 1528 s.

463 1487 574 1589 I'i'oma
599 1558 642 1588 ut
666 1555 807 1587 videtur
829 1554 1056 1587 Florentiam
1081 1554 1192 1587 allata
1219 1554 1290 1594 (VI
1301 1555 1388 1589 9040
1413 1555 1507 1587 vidit
1525 1554 1693 1600 Henzen).
1710 1574 1756 1580 ——
1783 1558 1816 1599 1)
1838 1556 1952 1592 Fecit.

459 1658 578 1706 8268
635 1661 710 1700 hoc
741 1656 1000 1716 sepulcr[um]
1035 1663 1291 1712 frequentent
1320 1673 1341 1700 a
1371 1673 1435 1701 me
1462 1658 1468 1715 Ι
1505 1662 1572 1713 qui
1603 1662 1684 1701 sint
1713 1660 1825 1702 liberi
1856 1657 2059 1718 c[irc]um·

349 1730 502 1769 versos¹
537 1741 636 1780 quos
665 1726 900 1782 relinlquam
932 1729 990 1768 vel
1022 1729 1243 1768 manumitti
1273 1729 1436 1777 volam',
1476 1735 1514 1768 at
1544 1736 1740 1782 postrema
1767 1732 1775 1782 Ι
1801 1736 1931 1782 pateat
1964 1730 2061 1783 ipsis

349 1798 496 1850 quique
527 1809 574 1837 ex
606 1797 638 1836 is
667 1792 971 1852 prov[e]nerint.
1000 1794 1006 1851 Ι
1034 1796 1191 1836 Volusia
1213 1796 1261 1844 Q.
1285 1797 1309 1835 f.
1333 1795 1399 1836 Pia
1420 1797 1548 1836 Annia
1572 1799 1599 1836 A
1621 1827 1742 1837 .....
1762 1809 1811 1837 na
1836 1797 1843 1853 Ι
1869 1798 1927 1839 sic
1946 1811 2060 1839 mau-

347 1867 447 1915 davi‚
477 1865 535 1905 sic
568 1861 685 1921 [fia]t.
713 1861 719 1919 Ι
748 1864 815 1904 Dis
845 1864 1029 1904 manibus
1058 1877 1228 1904 sacrum.

462 1932 562 1965 Baiis
585 1941 676 1973 rep„
711 1934 762 1963 est
785 1929 940 1973 Neapoli
971 1929 1019 1975 (X
1038 1931 1126 1965 5147
1155 1931 1247 1964 vidit
1271 1930 1462 1964 Mommsen
1491 1933 1637 1974 praeter
1656 1931 1859 1974 particulas
1887 1932 2060 1975 quasdam

346 1992 508 2022 servatas
525 2000 545 2020 a
566 1986 810 2032 Minervinio).
826 2006 872 2012 -—-
898 1988 930 2029 1)
955 1986 1143 2030 Supplevit
1157 1987 1361 2021 Mommsen.
1398 1986 1664 2030 significantur
1678 1989 1889 2022 manumissi
1900 1999 1968 2032 pov·
1982 1990 2059 2023 vin·

348 2046 499 2087 dictam,
530 2043 576 2084 cs.
602 2043 817 2086 Quintilian.
842 2043 928 2077 decl.
952 2044 1044 2078 542:
1074 2046 1194 2077 maius
1218 2072 1226 2079 .
1244 2071 1253 2079 .
1271 2071 1280 2080 .
1303 2047 1519 2078 momentum
1544 2047 1586 2077 ut
1610 2046 1903 2079 circumvenere:
1924 2048 2061 2080 manci·

344 2104 462 2146 pium,
487 2104 552 2135 aut
575 2103 607 2133 si
631 2111 705 2134 una
730 2110 814 2133 voce
838 2100 990 2135 liberum
1014 2112 1086 2134 esse
1110 2103 1266 2135 iusseris.
1290 2121 1336 2127 —
1368 2102 1404 2145 2)
1429 2101 1697 2144 significantur
1722 2102 1934 2136 manumissi
1956 2104 2060 2136 usta-

345 2161 464 2191 monto
490 2157 697 2201 (Momm).

462 2214 637 2248 Similiter
662 2214 853 2248 V118104:
883 2213 1015 2248 libertis
1039 2213 1297 2259 libertabusque
1323 2224 1411 2259 quos
1436 2214 1616 2248 manumisi
1643 2219 1676 2248 et
1703 2224 1791 2260 quos
1817 2215 2057 2250 manumisero.

346 2271 447 2305 Adde
471 2270 555 2303 XIV
570 2271 661 2304 582:
695 2270 853 2311 Hiberus]
880 2295 887 2303 .
907 2294 915 2303 .
942 2280 1029 2314 quos
1056 2274 1264 2305 testamento
1288 2278 1348 2305 aut
1371 2271 1563 2314 comio-illis
1587 2274 1852 2314 manumiserol.

460 2372 575 2420 8269
635 2374 677 2413 L.
711 2374 874 2413 Aemilio
906 2375 949 2414 L.
981 2377 1006 2415 f.
1040 2375 1124 2415 Vot.
1162 2376 1328 2416 Proculo
1356 2374 1362 2429 Ι
1386 2375 1445 2417 2¹
1475 2382 1676 2423 veterano,
1717 2376 1797 2428 pr.⁸
1824 2375 1969 2424 Cumis,
2008 2375 2058 2417 de

340 2441 417 2484 -HS
441 2441 447 2496 Ι
475 2442 543 2482 llll
576 2455 628 2482 m.
663 2455 701 2481 n.
733 2441 869 2494 legatis
899 2448 1133 2483 testamento
1159 2443 1167 2497 Ι
1194 2444 1291 2491 eius,
1332 2443 1492 2484 Aemilia
1523 2443 1693 2497 Ephesia
1723 2442 1855 2496 uxor!
1889 2442 2058 2497 amplius
2113 2466 2117 2469 Δ

347 2511 507 2551 adiectis
537 2511 586 2550 de
615 2522 684 2550 sua
716 2522 864 2563 pequn.
890 2508 896 2563 Ι
918 2505 989 2549 fis
1009 2511 1057 2550 Vl
1081 2523 1133 2551 m.
1158 2523 1211 2560 n.‚
1241 2511 1314 2551 sibi
1345 2510 1499 2551 libertis
1529 2510 1838 2567 libertabuslque
1866 2511 2056 2565 posteris-

348 2592 424 2632 que
454 2579 536 2620 suis
566 2585 605 2618 et
630 2575 637 2633 Ι
666 2577 835 2630 Proculi,
867 2578 935 2630 qui
957 2585 1193 2620 testamento
1218 2578 1224 2633 Ι
1252 2585 1356 2619 statu
1381 2578 1572 2619 libertatis
1602 2579 1725 2620 relicti
1749 2586 1892 2620 essent.
1918 2578 1926 2634 Ι
1956 2578 2057 2620 nuic

347 2648 593 2687 monimento
624 2645 822 2685 vendundi
850 2644 855 2700 Ι
884 2653 1057 2698 potestas
1088 2647 1184 2686 nulli
1216 2647 1278 2687 sit.

464 2715 581 2746 sumis
605 2711 766 2752 (Noer'zio
789 2713 885 2755 degli
908 2714 1006 2745 :cavi
1028 2712 1116 2746 4898
1136 2723 1173 2755 p.
1190 2712 1285 2756 192).
1309 2731 1354 2738 -——
1380 2714 1412 2756 1)
1438 2713 1658 2756 Contra-toni.
1683 2732 1727 2738 —
1753 2715 1786 2755 2)
1810 2715 1983 2748 Praetori.

461 2785 601 2864 827⁰—
634 2818 693 2858 dis
722 2819 906 2859 manibus
936 2815 944 2874 Ι
985 2817 1026 2859 C.
1058 2818 1187 2859 Mucio
1219 2818 1373 2860 Ianuar.
1409 2815 1415 2872 Ι
1457 2818 1497 2858 C.
1530 2818 1685 2859 Mucius
1717 2818 1922 2860 Ianuarius
1949 2818 2015 2859 lib.
2043 2816 2052 2875 Ι

348 2893 516 2941 patrono
539 2888 688 2940 optimo
715 2884 721 2941 Ι
751 2883 835 2943 [81]·
868 2886 988 2928 luliae
1009 2886 1215 2927 Secundae
1246 2886 1406 2938 coniug.
1433 2884 1439 2940 Ι
1468 2899 1518 2927 m.
1551 2892 1590 2926 et
1609 2886 1683 2927 sibi
1704 2886 1855 2927 libertis
1880 2884 2053 2941 libertal-

348 2956 462 3008 busq.
494 2959 602 3007 quiq.
633 2954 682 2994 ab
713 2958 747 2995 is
775 2951 1021 3011 manumislsi
1052 2954 1376 3002 manumissaeve,
1405 2951 1666 3009 posterislque
1695 2966 1846 2995 eorum.

463 3020 592 3055 Romae
617 3021 666 3055 ad
686 3023 782 3054 viam
806 3020 1067 3055 Nomentanam
1092 3032 1165 3064 rep.
1192 3021 1263 3065 (VI
1283 3022 1366 3055 8404
1392 3022 1498 3055 semel
1521 3023 1618 3055 cir-ca
1643 3032 1679 3055 a.
1695 3020 1779 3055 4600
1802 3022 1921 3055 neseio
1944 3030 2053 3065 quan

348 3082 514 3112 accurate
540 3078 745 3122 descripta).
768 3097 813 3103 —-
840 3080 871 3121 1)
896 3078 943 3114 ΡΙ.
970 3078 1139 3112 eraditur.
