2196 3412
306 230 388 270 746
1047 230 1166 275 Caput
1186 229 1267 265 XV.

307 347 400 388 bres
440 345 447 401 Ι
487 346 640 387 Sentini
679 346 719 386 in
751 345 930 385 triclini-²
967 345 1108 384 domus
1139 357 1173 384 c.
1204 345 1269 389 c.⁸.,
1314 357 1523 385 numerum
1554 344 1804 394 babentilbus
1842 343 2015 396 sequella

307 415 481 455 eiusdem
513 414 665 466 colleg„
706 413 759 453 ibi
790 412 1054 452 referentibus
1084 412 1237 453 Casidio
1275 410 1281 467 Ι
1322 413 1468 453 Severo
1497 419 1609 466 patre
1641 425 1680 455 n.
1712 413 1768 453 n.⁴
1808 419 1848 453 et
1877 411 2017 453 Heldio

310 483 523 535 Peregrino
546 488 729 534 parente:
776 493 864 520 cum
886 481 937 520 sit
962 477 967 534 Ι
995 486 1240 532 oportunum
1270 480 1421 522 crebris
1451 480 1654 522 beneficiis
1684 487 1723 521 et
1752 481 2017 521 adfectionem

306 552 451 591 amoris
477 548 482 605 Ι
510 546 626 606 [er9]a
659 563 697 589 n.
730 549 788 588 n.⁶
828 548 1078 589 exibentibus
1107 548 1294 589 adsistere
1324 556 1364 589 et
1394 549 1663 590 munificentia
1690 546 1696 602 Ι
1724 545 1886 605 [eoJrum
1916 549 2017 589 sicut

307 621 556 671 oportunitas
586 616 855 657 testimonium
886 615 1135 669 perhiberet,
1175 614 1181 670 Ι
1222 613 1521 672 [re]munerare,
1564 617 1685 669 igitur
1713 617 1745 657 si
1776 616 1932 657 cunctis
1961 615 2018 655 vi-

306 686 423 726 detur
443 686 640 726 Coretium
663 684 847 733 Fuscum,
877 682 882 738 Ι
909 681 1185 741 [sp]lendidum
1216 685 1432 725 decurione
1462 685 1609 737 patriae
1631 685 1687 725 n.⁰
1718 684 1788 726 sed
1817 692 1857 725 et
1883 691 2018 738 patro-

308 767 403 795 num
433 755 552 794 trium
578 753 585 808 Ι
613 754 703 794 coll.
730 753 1035 807 principalium⁷
1066 760 1106 793 et
1125 753 1236 793 Vesia
1258 753 1465 794 Martinam
1498 754 1709 806 coniugem
1740 754 1824 794 eius
1849 752 1856 809 Ι
1883 759 2017 807 patro-

308 835 417 870 nam,
447 822 516 862 sed
548 829 586 862 et
616 822 775 863 Coretiu
806 818 1027 878 Sa[b]inum
1059 822 1182 861 filium
1213 834 1351 862 eorum
1384 822 1459 861 iam
1491 819 1667 877 prid[e]m
1692 821 1699 877 Ι
1727 827 1918 874 patronos
1947 833 2020 874 per

307 891 538 943 duplomum
569 903 590 930 a
622 903 789 930 numero
821 904 860 930 n.
892 888 1109 942 cooptatos,
1142 902 1252 930 nunc
1282 890 1453 930 tabulam
1481 886 1487 945 Ι
1514 902 1668 930 aeream
1698 895 1932 943 patronatus
1961 889 2020 930 eis

308 959 462 1007 offerri,
493 964 538 998 ut
558 959 698 998 merito
729 959 883 998 honore
914 971 987 1010 pro
1009 956 1171 1013 meri'tis
1201 959 1440 1006 innotescat,
1473 971 1512 1010 q.
1534 959 1561 998 f.
1583 971 1637 1010 p.‚
1667 958 1704 998 d.
1727 970 1761 997 e.
1783 970 1816 998 r.
1842 958 1868 998 i.
1888 970 1922 998 c.
1944 957 2016 998 c.⁸:

309 1027 422 1074 Quod
464 1027 503 1067 in
546 1027 799 1079 praeteritum
832 1027 961 1067 Coreti
994 1026 1109 1067 Fusci
1140 1027 1295 1080 patroni
1325 1026 1573 1079 Vpsiaesiae⁹
1607 1027 1773 1067 Martine
1808 1026 1815 1080 Ι
1851 1032 2020 1080 patrone

308 1101 345 1135 et
377 1094 507 1135 Coreti
538 1094 673 1135 Sabini
714 1095 767 1135 fili
799 1108 937 1135 eorum
968 1107 1060 1147 erga
1091 1107 1225 1135 amore
1256 1095 1446 1135 beneficia
1486 1093 1685 1150 praesitita
1713 1094 2019 1148 susceperimus,

310 1176 418 1203 nunc
449 1163 565 1203 etiam
595 1164 634 1203 in
667 1164 844 1204 futurum
875 1176 956 1203 non
979 1163 1192 1211 dissimilia,
1225 1177 1326 1216 quae
1354 1162 1360 1218 Ι
1386 1176 1495 1204 nunc
1521 1163 1725 1214 sentimus,
1757 1168 1951 1217 perpetuo
1973 1175 2021 1202 ex

308 1231 467 1271 domum
506 1243 644 1272 eorum
684 1244 919 1283 processura
954 1232 1038 1284 pari
1078 1230 1354 1287 adsecltionem
1393 1244 1597 1285 speramus
1636 1238 1754 1284 atque
1790 1231 1879 1271 ideo
1920 1243 2018 1271 con-

307 1299 446 1339 sentiri
484 1300 665 1339 relationi
704 1299 744 1339 b.
776 1299 815 1340 b.
847 1313 877 1343 v.
912 1301 980 1340 v.¹⁰
1014 1300 1141 1341 Casidi
1175 1298 1182 1354 Ι
1218 1301 1351 1341 Severi
1389 1300 1512 1354 patris
1543 1314 1582 1341 n.
1614 1300 1671 1342 n.⁴
1710 1306 1750 1340 et
1778 1299 1894 1340 Heldi
1924 1298 2021 1339 Per-

309 1368 437 1419 egrini
463 1368 639 1420 parentis
669 1375 708 1408 et
737 1367 785 1407 ad
806 1369 1135 1408 remunerandam
1162 1367 1168 1423 Ι
1196 1381 1332 1410 eorum
1356 1369 1643 1417 benevolentia,
1674 1381 1755 1420 quo
1783 1368 1927 1407 lautius
1953 1367 2020 1407 ad·

310 1448 386 1488 que
409 1436 613 1489 pulchrius
643 1437 762 1489 digne
788 1437 982 1477 honorem
1011 1436 1016 1491 Ι
1043 1436 1117 1477 sibi
1139 1437 1314 1478 oblatum
1336 1437 1538 1489 suscipere
1559 1437 1786 1488 dignentur,
1817 1435 2020 1476 decretum

309 1511 350 1546 et
379 1505 419 1544 in
451 1505 582 1545 tabula
612 1517 726 1545 aerea
753 1503 759 1558 Ι
794 1505 1059 1557 perscriptum
1091 1506 1161 1554 eis,
1194 1518 1272 1557 qua
1302 1511 1342 1545 et
1371 1517 1393 1544 a
1425 1504 1540 1544 nobis
1570 1504 1794 1556 profectum
1825 1510 1886 1544 est
1914 1503 2021 1555 lega-

310 1579 451 1624 tosque
479 1571 484 1626 Ι
512 1574 594 1613 fieri
616 1573 774 1626 placuit,
806 1573 874 1624 qui
905 1573 1007 1612 hanc
1028 1573 1201 1613 tabulam
1233 1573 1351 1625 digne
1383 1572 1606 1625 prosequi¹¹
1633 1570 1639 1626 Ι
1666 1572 1818 1613 Satrius
1840 1571 2021 1619 Achilles,

311 1641 463 1682 Satrius
485 1641 678 1690 Clemens,
705 1639 712 1695 Ι
739 1641 985 1681 Voesidenus
1006 1641 1270 1689 Marcellinus,
1303 1641 1538 1681 Vassidenus
1558 1640 1780 1689 Verinus¹²,
1806 1639 1813 1696 Ι
1845 1640 2022 1681 Casidius

312 1711 491 1759 Severus,
531 1711 691 1751 Aeldius
720 1710 889 1758 Primus,
928 1709 1092 1749 Heldius
1122 1710 1376 1762 Peregrinus,
1413 1707 1419 1762 Ι
1454 1709 1616 1749 Brittius
1646 1708 1850 1756 Maximus,
1888 1707 2022 1749 Aelius

311 1779 550 1827 Honoratus,
589 1778 848 1831 Appolulus¹³
877 1778 1113 1831 Hilarianus,
1154 1779 1310 1818 Aetrius
1337 1775 1343 1831 Ι
1370 1777 1617 1824 Terminalis,
1661 1776 1804 1817 Gavius
1826 1776 2021 1817 Felicissi-

310 1859 410 1895 mus,
441 1847 591 1887 Satrius
613 1846 829 1893 Ianuarius,
870 1845 1045 1886 Casidius
1065 1844 1285 1901 Romulius,
1315 1845 1472 1886 Aetrius
1494 1845 1672 1894 Verna¹⁴,
1712 1845 1864 1885 Satrius
1885 1843 2021 1885 Ursus.

424 1923 571 1957 Romam
601 1924 725 1957 adlata
755 1935 831 1957 una
865 1935 944 1957 cum
974 1936 1015 1958 ea
1046 1935 1137 1968 quae
1164 1924 1365 1967 praecedit,
1397 1927 1431 1956 el
1455 1924 1534 1967 ipsa
1567 1924 1644 1956 sine
1668 1923 1778 1956 dubio
1802 1922 1944 1956 Sontini
1966 1933 2021 1955 re-

307 1983 424 2024 perta.
450 1981 573 2013 tabula
598 1991 708 2014 aenea
733 1980 800 2025 (XI
820 1981 906 2015 5749
932 1983 984 2014 bis
1009 1982 1187 2025 descripta
1211 1991 1302 2015 saec.
1320 1980 1451 2024 XVII).
1481 1999 1527 2005 —
1565 1981 1597 2022 1)
1622 1981 1665 2014 A.
1689 1979 1769 2014 264.
1798 1997 1845 2004 -
1879 1980 1914 2021 2)
1942 1976 2022 2012 Tri-

313 2037 434 2071 clinia.
452 2056 494 2061 —
521 2038 554 2079 3)
581 2037 729 2080 collegii
745 2040 1047 2072 centonariorum.
1064 2057 1108 2063 —
1132 2039 1168 2080 4)
1192 2037 1346 2071 Numeri
1361 2038 1488 2070 nostri.
1505 2056 1549 2061 —
1574 2038 1608 2079 5)
1632 2035 1830 2070 Numer-mn
1846 2038 2020 2069 nostrum.

311 2113 357 2119 —
381 2095 414 2136 6)
439 2093 603 2128 Nostrae.
638 2114 684 2120 —
719 2096 752 2135 7)
779 2093 955 2127 Videntur
985 2094 1192 2138 significari
1221 2094 1372 2137 collegia
1401 2093 1565 2136 fabrum,
1598 2094 1907 2135 centonariorum,
1939 2092 2023 2126 dm-

314 2151 531 2194 droplwrum
556 2151 691 2194 (colleg.
708 2150 750 2185 111
773 2162 883 2194 supra
906 2151 951 2186 Ν.
969 2151 1055 2186 1367
1061 2164 1075 2194 ‚-
1099 2155 1123 2186 t.
1144 2153 1306 2186 Asisium
1321 2151 1375 2185 xl
1387 2151 1501 2195 5416).
1551 2149 1605 2190 cr.
1628 2161 1740 2193 supra
1757 2148 1802 2183 Ν.
1818 2150 1911 2185 6647.
1926 2149 2022 2184 66⁹1.

311 2208 407 2250 6726,
426 2211 490 2243 eet.
506 2227 552 2232 —
576 2209 610 2249 8)
637 2207 691 2247 Cl'.
715 2207 759 2242 Ν.
777 2209 868 2242 7220
892 2211 970 2243 not.
982 2210 1015 2243 9.
1039 2227 1085 2233 -—
1109 2210 1142 2251 9)
1169 2208 1245 2243 Ser.
1263 2207 1399 2242 Vesiae.
1421 2227 1467 2232 —
1493 2209 1547 2250 10)
1575 2206 1630 2247 Cf}
1646 2206 1692 2241 N.
1707 2207 1800 2241 7220
1822 2209 1895 2241 not.
1912 2206 2022 2240 ⁴0.—

316 2267 370 2307 11)
395 2264 473 2299 Ser.
492 2270 751 2308 prosequantur.
768 2284 814 2290 —
840 2267 894 2307 12)
911 2265 1092 2301 Vassiden.
1112 2264 1219 2298 Verus
1234 2275 1346 2308 supra
1363 2264 1409 2299 N.
1424 2266 1524 2300 4243.
1541 2284 1587 2290 -
1613 2266 1668 2306 13)
1693 2263 1851 2298 Proluius
1868 2262 2021 2295 alterum

314 2322 561 2364 apographum
569 2333 582 2362 ‚-
604 2320 759 2360 sortasse
783 2320 858 2361 fuit
882 2321 1082 2365 Appuleius.
1107 2340 1150 2346 —
1178 2322 1232 2362 14)
1257 2321 1354 2354 Idem
1377 2323 1484 2354 etiam
1507 2323 1606 2354 inter
1626 2319 1763 2361 fabr-oe,
1788 2318 1835 2354 Ν.
1849 2319 1951 2353 7220.

432 2377 507 2412 Una
533 2388 611 2410 cum
633 2379 701 2410 hac
724 2381 758 2409 et
782 2388 825 2410 ea
851 2388 942 2420 qnae
961 2377 1148 2420 praecedit
1171 2378 1315 2410 videtur
1337 2381 1481 2420 reperta
1504 2389 1576 2411 eun
1600 2377 1723 2410 tabula
1747 2375 1802 2410 XI
1819 2376 1919 2411 5750.

427 2492 543 2538 7222
600 2491 813 2550 Lfflmenio
845 2501 884 2533 et
915 2494 1108 2533 Catullino
1136 2490 1142 2548 Ι
1170 2494 1345 2533 connss.¹
1377 2493 1407 2531 V
1438 2494 1525 2534 idus
1555 2495 1650 2547 Apr.
1677 2494 1684 2547 Ι
1710 2490 1826 2549 [1]ιιΙ.
1854 2492 2021 2534 Caninio

316 2558 428 2616 pan!
462 2558 797 2617 merent[1]ssimo.
857 2558 1149 2617 Prinflcipatus⁸
1188 2561 1238 2600 ob
1268 2561 1519 2613 splendorem
1561 2561 1702 2602 domus
1737 2560 1742 2615 Ι
1780 2568 1889 2607 tuae,
1927 2560 2024 2613 pat.⁸

316 2626 775 2685 honori[fi]centis{sime.
807 2630 1008 2670 offerimus
1030 2629 1099 2669 tibi
1121 2626 1267 2683 cunclti
1294 2635 1479 2669 tesseram
1502 2630 1596 2682 pat.⁴
1621 2629 1629 2683 Ι
1656 2628 1755 2669 fabri
1786 2628 2022 2677 subidianv,

318 2710 433 2750 quem
475 2700 481 2747 Ι
522 2698 661 2738 libenti
699 2699 831 2737 animo
871 2693 1111 2753 inbe[mu]s⁸
1150 2695 1157 2750 Ι
1206 2697 1351 2748 suscipi
1391 2697 1605 2738 offerentes
1644 2697 1651 2750 Ι
1698 2704 1874 2738 rectores
1913 2696 2021 2738 Clod.

318 2766 544 2817 lingendus,
573 2763 578 2818 Ι
605 2766 697 2807 Cur.
719 2765 990 2813 Innocentius,
1017 2764 1023 2818 Ι
1052 2765 1138 2805 lun.
1161 2764 1393 2805 Germanus.

434 2843 617 2877 cordubae
641 2843 691 2888 (ΙΙ
712 2843 800 2877 2244
825 2843 932 2876 some!
953 2843 1130 2886 dem-ipra
1154 2854 1245 2878 saec.
1263 2843 1393 2888 XVII).
1417 2862 1461 2869 —·
1495 2845 1527 2884 1)
1551 2845 1592 2877 A.
1608 2845 1687 2878 548.
1710 2862 1756 2869 -—
1780 2845 1814 2886 2)
1840 2843 1923 2877 Erit
1943 2841 2022 2883 [or-

321 2903 411 2933 tano
435 2902 497 2942 qm'
522 2895 793 2933 ‘morontiseimo
817 2893 1063 2943 pre'ncipatuae’
1094 2902 1244 2942 iungere
1266 2899 1480 2941 praetulerit
1505 2900 1684 2944 (limetur).
1718 2919 1763 2925 —
1795 2902 1830 2942 3)
1854 2900 2019 2933 Patrone.

318 2974 364 2981 —
387 2958 421 2998 4)
439 2956 664 2990 Patronaem.
684 2975 722 2981 -—
750 2959 782 2997 5)
808 2956 1044 2999 Snbaediani,
1068 2955 1116 2996 cs.
1137 2954 1237 2996 infra
1255 2954 1299 2989 Ν.
1315 2956 1563 2991 7259-7262.
1587 2958 1692 3000 7678,·
1718 2956 1911 2990 Hammon
1934 2955 2020 2990 buu.

319 3014 401 3047 ime.
427 3014 516 3047 1855
537 3023 572 3055 p.
587 3015 655 3055 30,·
687 3012 874 3046 Mar-necta·
897 3012 981 3045 buu.
1006 3012 1191 3046 commiade
1215 3012 1298 3046 4877
1318 3023 1354 3055 p.
1371 3014 1448 3047 257.
1472 3032 1517 3037 —
1545 3015 1578 3054 6)
1604 3013 1725 3047 iubens
1749 3013 1935 3047 traditum.
