2190 3406
331 163 415 203 938
1058 161 1178 206 caput
1198 159 1313 195 XVII.

332 277 624 322 Looeikographio
645 279 676 319 6,
700 278 787 311 4889
808 287 847 320 p.
861 276 959 320 258.)
983 293 1028 300 —-
1053 276 1087 316 2)
1118 273 1171 312 Cf.
1199 274 1237 308 V
1253 273 1339 307 424:
1371 272 1459 307 lianc
1483 272 1600 307 sedem
1623 272 1694 306 vivi
1719 271 1784 305 sibi
1810 281 1946 316 posuer.
1967 282 2038 308 uno

332 336 446 370 animo
470 335 676 369 laborantes.
705 352 751 359 —
786 335 820 375 3)
846 333 940 366 Loco
965 341 1141 364 concesso.
1171 349 1216 355 -—
1251 332 1287 372 4)
1310 330 1368 364 Ad
1390 333 1505 364 artem
1528 329 1806 363 emolat-iorum
1829 328 2039 374 anaglypha

330 395 490 435 spectaro
513 390 744 431 manifestum
768 393 828 430 est,
858 387 904 428 cs:
930 388 1125 422 Schneider·
1150 387 1172 422 l.
1192 398 1220 422 c.

443 494 555 541 8461
615 505 762 546 (mulier
784 504 917 548 strata)
948 493 986 536 d.
1017 505 1070 533 m.
1109 492 1341 534 Scriboniae
1380 492 1545 533 Hedoue
1586 492 1593 547 Ι
1633 493 1680 540 Q.
1710 493 1900 547 Tampius
1937 492 2040 535 fler-

331 577 462 605 meros
488 563 495 618 Ι
522 564 682 615 coniugi
712 562 940 603 karissimae
970 563 1058 610 sec..
1097 558 1104 615 Ι
1137 574 1219 619 con⁷
1246 574 1321 613 qua
1351 562 1426 601 vix.
1456 573 1520 601 an.
1550 561 1675 602 XVIII
1705 563 1781 603 sin.
1808 562 1815 616 Ι
1849 562 2039 616 querella,

331 633 443 673 euius
471 632 666 673 desiderio
692 630 701 684 Ι
726 631 877 672 iuratus
906 643 948 670 se
978 636 1070 682 post
1099 642 1144 670 ea
1172 628 1177 685 Ι
1205 642 1329 670 uxore
1363 642 1443 670 non
1475 629 1675 670 habitui-u.

445 700 536 732 Pisis
560 698 629 739 (XI
650 699 732 732 1494
757 698 849 730 vidit
871 696 1081 742 Bor-mann).
1498 691 1501 695 ’

877 768 943 776 -ὴ-

442 802 558 849 8462
615 804 652 844 (Ι.
674 816 725 844 m.
753 802 759 858 Ι
786 804 922 856 Ulpiae
945 803 1055 842 Vitali
1085 803 1178 842 fecit
1209 804 1251 843 P.
1274 800 1464 858 Fufilcius
1491 802 1600 844 Felix
1629 804 1777 845 amicae
1805 817 1900 847 suae
1929 803 2039 861 fidel-

330 873 513 926 lissimae,
551 885 652 924 quae
690 871 764 912 sibi
802 873 948 912 mories
965 877 1050 920 (eie)
1081 871 1197 911 fidem
1225 869 1232 925 Ι
1258 872 1443 919 servavit,
1483 878 1523 912 et
1551 872 1646 920 sihi,
1686 872 1839 915 libertis
1866 872 2040 930 libel-lta-

331 941 484 992 busque
513 942 595 981 suis
625 940 873 992 posterisque
906 952 1059 980 eorum.

444 1006 554 1040 Roma
579 1010 622 1039 ut
643 1007 787 1040 videtur·
809 1006 1037 1040 Florentiam
1062 1007 1243 1040 translata
1269 1006 1341 1051 (VJ
1361 1008 1470 1041 29409
1493 1008 1585 1041 vidit
1609 1008 1892 1050 Reifferscheid).

443 1109 557 1156 8463
596 1098 805 1151 ’νεῑῑὶᾱίαε
834 1110 1087 1163 Parthenope
1117 1117 1157 1151 et
1186 1110 1238 1151 M.
1268 1112 1386 1151 Antio
1421 1112 1427 1165 Ι
1464 1111 1641 1152 Hermeti
1678 1113 1836 1154 duobus
1872 1114 2040 1156 amanti-

330 1181 405 1221 bus
434 1192 592 1220 sacrum
624 1189 699 1232 (vir
723 1192 758 1221 et
780 1188 917 1227 femina
941 1191 1075 1222 iunctis
1097 1188 1291 1233 manibus).

444 1247 576 1280 Romae
601 1245 672 1289 (Vl
692 1247 804 1280 28650
830 1246 921 1278 vidit
943 1246 987 1278 de
1001 1245 1129 1289 Hossr').

443 1350 558 1396 8464
615 1352 651 1391 d.
683 1363 735 1391 m.
764 1349 770 1404 Ι
798 1351 852 1417 Cl.
875 1351 1028 1391 Ianuar.
1057 1349 1062 1404 Ι
1089 1363 1226 1392 amans
1257 1350 1437 1405 amaniti,
1473 1352 1570 1393 haec
1600 1353 1671 1393 tibi
1698 1351 1704 1407 Ι
1730 1365 1804 1406 pro
1834 1353 2040 1412 meritis¹l

331 1421 381 1461 do
407 1419 414 1475 Ι
442 1420 616 1461 Caratus.

445 1487 560 1521 Toum·
584 1487 689 1528 (XIII
702 1487 789 1522 3081
815 1487 909 1520 vidit
932 1485 1165 1529 Hirschfeld).
1190 1505 1235 1511 —
1261 1488 1294 1529 1)
1319 1485 1453 1520 Versus
1476 1491 1527 1521 oet
1548 1488 1766 1532 iambelegus
1790 1488 1998 1535 (Hir-sehr).

427 1560 556 1636 8465
606 1558 774 1631 Vibidia
775 1558 940 1639 Helena,
964 1558 976 1644 Ι
1002 1597 1041 1631 et
1071 1591 1115 1631 L.
1134 1590 1293 1631 Brutedi
1315 1590 1532 1642 Malcionis‚
1561 1595 1567 1643 Ι
1593 1593 1671 1633 duo
1692 1594 1854 1647 coiuges
1879 1595 1920 1636 in
1943 1608 2041 1637 unu

446 1659 576 1692 Romae
600 1669 674 1701 rep.
700 1659 748 1691 ad
771 1661 864 1691 viam
889 1658 1108 1691 Labroanam
1133 1658 1204 1696 (VI
1224 1659 1332 1692 28770
1358 1659 1448 1692 vidit
1471 1659 1723 1705 Lana-iunius).

442 1763 557 1810 8466
615 1764 663 1806 Μ.
690 1763 847 1804 Volcius
876 1764 927 1804 M.
958 1764 984 1803 l.
1008 1763 1218 1803 Euliemer.
1250 1770 1362 1816 rogat
1389 1770 1480 1817 post
1506 1763 1511 1820 Ι
1539 1772 1705 1805 mortem
1736 1778 1846 1806 suam
1877 1772 1921 1807 ut
1950 1778 2042 1807 cum

331 1833 464 1873 Voleia
496 1831 686 1885 Chrestel
718 1833 887 1884 coniuge
918 1844 988 1872 sua
1024 1832 1088 1871 ut¹
1120 1832 1160 1871 in
1194 1844 1271 1871 una
1302 1832 1377 1872 olla
1409 1835 1588 1885 corporis
1623 1833 1813 1886 reliquiae
1843 1834 2041 1889 essent.²l

332 1900 383 1941 M.
403 1900 563 1940 Volcius
593 1900 645 1940 M.
678 1901 703 1940 f.
735 1899 860 1941 Cerdo
892 1900 950 1940 dis
980 1899 1162 1940 Manibus
1191 1901 1284 1941 satis
1314 1901 1419 1942 fecit.

446 1965 555 2000 Roma
580 1969 623 1999 ut
644 1967 788 2000 vedetur
810 1966 1034 2001 Florentiam
1059 1969 1237 2002 translata
1269 1967 1341 2010 (VI
1358 1969 1468 2003 29460
1494 1969 1584 2002 vidit
1609 1969 1780 2014 Henzen).
1816 1988 1861 1995 --
1901 1971 1933 2012 1)
1957 1969 2044 2004 Dolo

333 2024 484 2057 aner-um
510 2027 558 2057 ut.
582 2042 627 2048 —
659 2025 692 2065 2)
719 2023 894 2057 Similiter
917 2034 1028 2066 supra
1052 2023 1097 2059 Ν.
1122 2025 1221 2059 7554.

444 2126 558 2173 8467
617 2128 676 2168 dis
704 2095 889 2169 manibus
929 2129 934 2180 Ι
976 2133 1020 2170 Α.
1052 2097 1246 2177 Quintilio
1269 2130 1276 2184 Ι
1286 2098 1513 2183 Ampliato‚
1531 2098 1611 2183 Ι
1600 2130 1695 2171 vixit
1728 2131 1845 2172 annis
1874 2130 1996 2172 xvln
2031 2129 2040 2188 Ι

332 2196 536 2238 mensibus
556 2196 608 2236 Xl
636 2194 642 2250 Ι
669 2196 807 2236 diebus
830 2197 928 2246 VllI,
957 2197 963 2252 Ι
989 2199 1137 2239 relictis
1167 2198 1399 2251 parentibus
1425 2196 1431 2251 Ι
1458 2199 1540 2239 suis
1565 2197 1571 2252 Ι
1599 2199 1903 2250 infelicissimi83
1931 2198 1948 2254 Ι
1983 2198 2043 2241 dis

333 2266 516 2306 manibus
543 2263 549 2318 Ι
577 2268 620 2305 Α.
637 2264 839 2311 Qunctilio
854 2269 937 2313 (sic)
964 2266 970 2321 Ι
998 2267 1222 2319 Diophanto
1242 2264 1246 2320 Ι
1266 2267 1365 2319 patri
1387 2267 1455 2319 qui
1478 2268 1639 2318 rogavit,
1667 2265 1673 2320 Ι
1698 2274 1743 2307 ut
1763 2264 1935 2324 pariter!
1954 2279 2043 2309 ossa

334 2334 418 2374 eius
444 2332 450 2387 Ι
478 2339 713 2386 quescerent
738 2336 833 2381 (sic)

450 2398 590 2442 Romae,
615 2410 711 2434 nunc
738 2400 865 2436 Urbini
890 2401 962 2444 (11
982 2401 1097 2434 25272
1123 2400 1215 2434 vidit
1238 2400 1458 2442 Burmann).

446 2472 563 2551 8468
611 2505 649 2547 C.
675 2503 809 2545 Vibius
837 2472 1011 2545 Firmus
1026 2505 1069 2547 C
1104 2503 1110 2559 Ι
1148 2505 1258 2545 Vibio
1281 2473 1485 2558 Ampliato
1522 2472 1691 2557 patrono
1732 2504 1738 2558 Ι
1780 2518 1853 2547 suo
1884 2505 2043 2547 benom.

335 2575 491 2616 titulum
531 2573 537 2628 Ι
578 2573 722 2627 posuit.
781 2572 894 2619 Quod
932 2573 1043 2612 iussit
1082 2579 1121 2612 et
1150 2570 1317 2628 rolgavit
1355 2585 1444 2613 cum
1475 2579 1643 2626 patrona
1684 2586 1752 2614 sua
1788 2573 1794 2628 Ι
1829 2574 1949 2627 poni,
1990 2574 2043 2615 ita

336 2647 479 2685 sactum
511 2649 582 2684 est.

449 2710 580 2744 Romae
605 2709 674 2749 (VI
694 2708 781 2742 5454
807 2708 898 2741 vidit
922 2708 1092 2747 nouzon).

447 2812 562 2859 8469
620 2813 661 2854 C.
692 2814 813 2854 lulius
842 2814 1074 2865 Asclaponis
1104 2813 1127 2856 s.
1157 2814 1163 2866 Ι
1191 2813 1279 2852 Cor.
1311 2813 1461 2853 Attalus
1496 2821 1535 2853 et
1560 2814 1567 2869 Ι
1596 2814 1690 2854 lulia
1722 2812 1763 2854 C.
1795 2813 1821 2855 Ι.
1852 2809 2042 2867 Chresto!

338 2882 494 2923 ossibus
524 2883 857 2935 permix1.is¹hic

451 2948 580 2983 Romae
613 2950 663 2981 ibt?
693 2950 755 2982 ubi
785 2947 830 2983 Ν.
853 2950 941 2983 8456
977 2947 1048 2989 (Vl
1067 2949 1158 2982 8025
1188 2947 1280 2981 vidie
1312 2948 1354 2980 de
1377 2946 1505 2988 nosti).
1542 2967 1584 2973 -
1626 2950 1657 2991 l)
1692 2946 1746 2986 Cf.
1769 2946 1857 2982 XIII
1878 2946 1963 2981 m
1986 2948 2042 2986 (in

338 3005 503 3050 operculo
524 3006 687 3049 plumbeo
720 3007 812 3038 vasis
841 3003 982 3050 ufir-09:
1016 3003 1122 3038 Iuliae
1147 3002 1305 3049 Mellildis
1337 3008 1371 3038 et
1396 3002 1514 3039 Naidis
1534 3006 1540 3049 Ι
1562 3005 1677 3039 matris
1701 3004 1775 3039 eius
1794 3003 1802 3049 Ι
1821 3004 1928 3046 οεεῑα]
1951 3012 2043 3038 eom·

338 3064 454 3097 mixta.
