2196 3412
328 206 412 245 842
1033 205 1152 250 Caput
1174 203 1291 240 XVII.

442 320 557 368 ’7867
606 322 737 375 Nepos
767 322 853 361 dec.
880 318 886 374 Ι
914 321 1180 373 pavimentum
1210 320 1250 360 in
1279 318 1285 375 Ι
1312 320 1490 367 ossuario
1521 327 1560 361 et
1585 318 1591 375 Ι
1617 319 1855 361 subscalaria
1885 319 1924 360 d.
1944 333 1978 361 s.
1997 332 2038 372 p.
2102 331 2106 340 ²

328 390 367 430 d.
397 390 464 438 d.¹‚
491 387 498 444 Ι
525 389 567 430 C.
600 389 766 430 Caesare
797 389 841 429 L.
873 388 1008 428 Paullo
1039 387 1138 428 cos.²

449 455 582 490 Romae
620 467 695 499 rep.
733 457 773 488 in
812 456 918 488 vinea
955 453 1126 495 Cadinia,
1164 465 1278 497 prope
1314 455 1518 498 sepulcrum
1556 457 1598 488 in
1637 466 1707 499 quo
1746 453 1792 488 N.
1821 455 1928 496 7895,
1965 463 2041 487 non

327 514 367 545 in
400 524 451 553 eo,
486 513 730 554 pavimentum
760 513 879 553 operis
908 512 1041 544 musivi
1075 510 1147 555 (VI
1173 511 1263 546 5534
1299 511 1391 544 vidie
1422 511 1589 553 Honzem
1623 513 1799 556 specimen
1832 510 2042 544 litterarum

328 569 492 602 Huebner·
524 580 581 602 eat.
605 579 674 602 scr.
700 570 814 611 epigr.
838 578 874 602 n.
896 569 968 610 56).
1015 586 1062 592 —
1111 570 1143 610 1)
1174 568 1227 600 De
1260 578 1327 600 sua
1361 570 1515 610 pecunia
1550 569 1645 602 dono
1681 568 1791 603 dedit.
1837 585 1883 591 —
1930 568 1965 609 2)
1996 566 2042 600 A.

325 636 361 668 p.
389 625 467 658 Chr.
492 625 523 657 ’1.

441 726 558 773 7868
613 729 754 769 Mellax
786 729 1019 770 Veidianus¹
1047 727 1054 783 Ι
1084 728 1220 769 decur.
1246 729 1339 776 viter.
1364 727 1372 781 Ι
1407 728 1577 781 parieles
1605 735 1645 769 et
1673 741 1849 770 camaras
1873 726 1882 784 Ι
1914 728 2041 770 scala-

327 796 503 836 riorum²
541 809 662 850 opere
708 796 714 851 Ι
757 798 926 838 tectorio
966 797 1182 850 expolitum
1227 794 1233 851 Ι
1278 796 1316 836 d.
1354 809 1386 837 s.
1425 809 1464 849 p.
1505 797 1542 836 d.
1584 796 1621 836 d.
1668 794 1674 851 Ι
1720 797 1761 840 C.
1791 796 1956 838 Caesare
1993 796 2040 837 1..

327 865 463 905 Paullo
495 867 593 905 cos?

439 931 572 965 Romae
595 934 635 965 in
658 934 741 975 ripa
765 932 896 966 deaetra
924 931 1060 965 Tiberis
1082 942 1157 973 rep.
1182 931 1256 975 (VI
1274 931 1384 965 34013
1407 932 1519 966 deser.
1546 931 1740 974 Vagliori).
1771 949 1817 956 —·
1851 932 1884 974 1)
1907 930 2040 965 Servus

326 987 451 1028 ficerat
475 990 513 1023 P.
533 977 638 1024 Vedii
653 988 728 1032 (vel
744 988 883 1032 Veidii)
907 988 1078 1022 Pollionis
1100 986 1168 1031 (cll
1191 999 1303 1030 supr-a
1327 986 1373 1021 N.
1389 987 1472 1032 409)
1496 991 1689 1031 antequam
1712 989 1752 1021 in
1775 997 1906 1021 novam
1927 984 2041 1027 fami-

328 1046 414 1078 liam
437 1044 618 1089 (Augusti
639 1048 716 1078 sine
740 1045 867 1089 dubio)
896 1046 1110 1088 perveniret.
1156 1045 1210 1078 De
1237 1045 1408 1079 Vedianis
1437 1045 1492 1078 his
1523 1043 1570 1085 es:
1595 1046 1704 1078 etiam
1732 1054 1845 1087 supra
1869 1041 1918 1079 Ν.
1941 1043 2044 1078 1948.

325 1101 429 1135 5238.
458 1120 502 1125 —
528 1103 561 1144 2)
585 1102 690 1135 Atius
710 1113 834 1135 servus
850 1101 1032 1136 Vedianas
1056 1101 1197 1136 scalaria
1223 1102 1328 1146 prima
1354 1111 1459 1145 opere
1484 1102 1630 1135 tectorio
1655 1100 1860 1145 expolienda
1887 1103 1922 1134 et
1944 1100 2045 1144 pavi-

327 1162 478 1190 mentum
505 1158 625 1191 eodem
651 1158 727 1191 loco
752 1158 820 1198 (ΝΒ)
844 1160 934 1199 soto)
959 1159 1079 1199 Hecit),
1103 1161 1189 1191 teste
1213 1158 1320 1190 titulo
1346 1158 1397 1191 VI
1421 1158 1539 1191 40377.
1564 1177 1610 1182 —
1636 1159 1670 1195 3)
1694 1159 1736 1191 A.
1760 1169 1795 1200 p.
1821 1156 1903 1190 Chr.
1925 1157 1958 1190 4.

442 1268 556 1316 7869
613 1272 658 1312 Ρ.
686 1272 862 1313 Rubrius
893 1272 1132 1326 Trophimus
1163 1280 1203 1313 et
1231 1272 1274 1313 P.
1302 1271 1308 1328 Ι
1343 1272 1517 1313 Rubrius
1545 1272 1697 1323 Agatho
1727 1271 1916 1312 solarium
1941 1269 1949 1325 Ι
1975 1282 2042 1311 re-

326 1339 510 1379 fecerunt
533 1347 572 1379 et
592 1340 850 1381 vermiculum
877 1338 883 1393 Ι
908 1347 1146 1390 straverunt,
1176 1342 1271 1382 item
1291 1340 1559 1393 pavimentum
1586 1339 1593 1394 Ι
1619 1340 1789 1393 spicam¹
1818 1346 1981 1380 straver.
2003 1345 2044 1378 et

327 1407 462 1448 sedilia
488 1406 495 1461 Ι
522 1408 771 1448 circumitum
803 1409 1031 1449 refecerunt
1061 1410 1229 1461 inpensa
1259 1420 1350 1457 sua,
1385 1405 1392 1463 Ι
1426 1407 1471 1448 L.
1503 1408 1631 1449 Nonio
1661 1408 1865 1460 Torquato
1894 1406 2045 1460 Aspre-

328 1482 433 1525 nate,
460 1474 467 1528 Ι
494 1475 538 1518 Τ.
559 1476 692 1516 Sextio
725 1476 852 1528 Magio
883 1476 1079 1517 Laterano
1111 1478 1210 1517 cos.2

440 1541 590 1584 Romae,
618 1545 796 1576 incertam
821 1554 890 1586 quo
916 1543 992 1576 loeo
1017 1545 1118 1576 urbis
1137 1555 1213 1587 rep.
1238 1543 1310 1588 (VI
1329 1544 1446 1578 25527
1468 1543 1562 1576 vidit
1579 1542 1752 1583 Henzen).
1776 1559 1823 1565 —
1849 1542 1881 1584 1)
1905 1538 1961 1580 Cf.
1981 1540 2046 1574 Vi-

327 1601 421 1634 truv.
438 1599 471 1640 4,
486 1599 518 1641 4,
533 1599 566 1632 7.
590 1618 635 1624 -
660 1601 695 1642 2)
717 1601 762 1634 Α.
784 1602 837 1634 94.

442 1656 501 1688 Art
521 1656 615 1689 idem
638 1657 840 1698 sepulcrum
864 1657 1032 1689 videntur
1054 1658 1271 1697 pertinuisse
1298 1656 1349 1689 Vl
1370 1656 1473 1689 5346.
1495 1656 1595 1688 9243.

442 1770 558 1817 787⁰
596 1773 640 1813 T.
657 1773 702 1813 T.
726 1773 878 1814 Cocceii
901 1774 979 1814 Gaa
1000 1781 1041 1814 et
1066 1771 1072 1829 Ι
1100 1775 1272 1821 Patiens,
1292 1779 1443 1826 quaest.
1466 1772 1554 1818 111¹,
1580 1772 1586 1827 Ι
1613 1783 1791 1812 mensam
1811 1770 2044 1823 quadratam

329 1841 370 1880 in
401 1841 577 1890 trichil.²‚
605 1839 611 1894 Ι
637 1841 804 1882 abacum
834 1854 925 1882 cum
954 1841 1051 1891 basi,
1082 1836 1347 1893 horologium,
1375 1839 1382 1896 Ι
1408 1841 1563 1881 labrum
1595 1852 1687 1880 cum
1708 1839 1912 1880 fulmentis
1938 1850 2047 1879 mar-

329 1919 442 1957 mor„
483 1906 490 1962 Ι
531 1909 677 1961 putiale
693 1914 795 1959 (sic),
833 1915 984 1950 crustas
1014 1922 1133 1962 supra
1163 1910 1353 1962 parietem
1396 1907 1402 1963 Ι
1442 1909 1595 1949 itineris
1623 1909 1727 1949 medi
1763 1920 1856 1949 cum
1884 1907 2044 1960 tegulis,

329 1974 592 2030 columelllam
631 1979 705 2017 sub
745 1978 952 2029 horologio
985 1977 1193 2018 Tiburtina
1226 1981 1350 2026 7050)
1393 1977 1400 2032 Ι
1435 1983 1659 2030 protectum
1699 1983 1792 2017 ante
1829 1974 2044 2034 porticum,

329 2042 531 2095 trutilnam
564 2051 603 2084 et
632 2045 847 2098 pondera⁸‚
879 2045 915 2085 d.
937 2045 974 2086 d.
996 2046 1044 2086 s.⁴
1073 2053 1295 2099 posuerunt
1320 2044 1327 2101 Ι
1354 2053 1393 2086 et
1420 2046 1554 2086 locum
1582 2051 1674 2098 post
1703 2043 1912 2085 maceriam
1942 2043 2046 2084 ulte-

329 2110 476 2151 riorem
503 2111 509 2166 Ι
537 2115 749 2153 emendum
779 2114 1033 2167 ustrinasque
1061 2115 1110 2155 de
1140 2122 1354 2167 consaepto
1381 2112 1388 2170 Ι
1422 2113 1561 2154 ultimo
1592 2113 1634 2153 in
1664 2125 1755 2153 eum
1787 2113 1920 2153 locum
1949 2111 2045 2152 trai-

331 2179 508 2228 ciendas,
553 2188 592 2220 et
631 2178 638 2234 Ι
677 2181 753 2222 iter
782 2183 828 2222 ad
860 2195 951 2222 eum
982 2182 1113 2222 locum
1144 2183 1383 2236 januamque
1414 2180 1622 2237 benelficio
1655 2188 1694 2222 et
1721 2180 1954 2222 liberalitate
1983 2178 2046 2220 Τ]

332 2248 488 2299 patroni
519 2247 711 2303 facilenda
743 2258 996 2291 curaverunt.
1025 2250 1031 2306 Ι
1125 2251 1310 2303 ldemque
1340 2251 1477 2291 vitium
1509 2251 1761 2304 pomorumq'.
1793 2255 1833 2289 et
1860 2248 2007 2288 florum
2031 2243 2041 2302 Ι

331 2314 593 2367 viridiumque
624 2318 801 2358 omnium
831 2331 1022 2371 generum
1051 2317 1058 2372 Ι
1083 2320 1302 2360 seminibus
1332 2332 1377 2360 ea
1407 2320 1512 2368 loca,
1550 2331 1650 2371 quae
1679 2318 1727 2359 T.
1757 2317 1814 2371 p.⁶
1843 2315 2042 2371 decurilo·

332 2382 449 2422 nibus
479 2383 560 2423 suis
585 2384 838 2433 adtribuent,
870 2399 917 2426 ex
947 2386 1130 2442 peculnia
1162 2387 1321 2440 publica
1350 2388 1657 2436 adornaverunt,
1684 2384 1692 2440 Ι
1718 2385 1887 2425 Sisenna
1909 2383 2043 2424 Tauro

333 2449 376 2489 L.
408 2449 618 2491 Scribonio
649 2452 802 2494 Libone
835 2455 932 2495 cos.⁷

594 2519 802 2572 Impensae
831 2534 999 2570 causam,
1030 2523 1187 2563 titulum
1218 2523 1286 2575 qui
1316 2523 1500 2576 perlegis,
1532 2522 1622 2562 audi
1649 2520 1655 2575 Ι

594 2594 632 2627 et
661 2589 815 2638 iustam,
847 2602 1007 2641 quaeso,
1039 2591 1194 2642 pietalis
1223 2591 1383 2643 percipe
1414 2602 1563 2631 curam.
1590 2589 1596 2645 Ι

592 2655 689 2702 Quis
718 2668 820 2705 vera,
852 2664 896 2697 ut
925 2658 1089 2710 cupiant
1118 2660 1316 2699 concorde
1348 2659 1491 2707 vivere,
1523 2671 1635 2698 mens
1665 2664 1737 2706 est,
1763 2656 1770 2711 Ι

594 2724 666 2765 hos
696 2724 849 2765 animos
878 2732 1059 2778 spectent
1088 2732 1167 2778 atq.
1199 2727 1294 2766 haec
1325 2726 1504 2779 exempla
1534 2732 1766 2779 sequantur.
1794 2724 1802 2778 Ι

556 2798 575 2829 5
597 2791 701 2832 Haec
730 2793 828 2840 loca,
858 2792 952 2833 dum
983 2793 1276 2844 vivent‚‘·.„libeat
1306 2794 1408 2835 bene
1439 2801 1583 2835 cuncta
1614 2795 1728 2843 tueri,
1756 2794 1762 2849 Ι

596 2867 686 2912 post
716 2859 909 2913 obitumq.
939 2873 1055 2901 suum
1085 2861 1242 2902 tradant
1271 2869 1354 2902 tum
1385 2862 1528 2902 deinde
1558 2863 1714 2911 suturis,
1742 2861 1750 2917 Ι

595 2941 646 2968 ne
675 2928 830 2968 deserta
859 2935 999 2969 vacent
1028 2929 1175 2982 ignotis
1205 2929 1315 2970 devia
1346 2930 1479 2977 busta,
1506 2929 1513 2983 Ι

592 2996 660 3035 sed
691 3002 773 3036 tuta
802 3003 966 3037 aeterno
996 3004 1196 3045 maneant,
1227 2997 1259 3038 si
1290 2997 1421 3038 dicere
1454 2999 1509 3039 fas
1539 2999 1634 3039 est&

449 3072 580 3107 Itomae
609 3084 682 3117 rep.
713 3074 762 3107 ad
790 3077 883 3108 viam
914 3075 1150 3117 Labicanum,
1186 3078 1259 3109 iam
1291 3076 1492 3110 Slocklwlm
1529 3077 1602 3120 (VI
1621 3077 1733 3113 1023?
1761 3075 1854 3111 vidie
1882 3074 2044 3110 Waum-

336 3130 458 3172 bach).
471 3148 516 3155 —-
543 3131 575 3172 1)
592 3130 802 3172 Quaestum
818 3134 933 3167 tertio.
947 3150 992 3157 —
1008 3133 1043 3175 2)
1066 3131 1290 3175 Trichilim'o,
1306 3131 1354 3173 cll
1373 3132 1416 3168 Ν.
1427 3135 1514 3167 7889
1527 3133 1677 3178 (need),
1691 3135 1812 3177 polim
1823 3142 1951 3176 quaen:
1974 3132 2043 3166 tri·
