2196 3412
342 187 425 226 892
1062 187 1182 233 Caput
1205 186 1321 223 xvn.

456 300 603 343 Romae,
639 305 712 336 iam
739 302 944 335 Florentiae
982 301 1055 343 (VI
1074 300 1161 334 7788
1191 301 1284 334 vidit
1306 301 1478 346 Honzen).
1516 321 1563 328 —-
1604 303 1635 343 1)
1659 301 1788 344 Populi
1811 301 1974 337 Romam·-
2002 320 2050 326 —

343 359 376 401 2)
400 358 476 392 Ser.
504 356 566 393 HS.
591 378 636 383 —
660 359 694 400 3)
721 358 931 391 Sestertium
956 360 1114 402 quinque
1136 358 1239 391 milia
1264 367 1421 394 numum.

454 461 571 506 8220
629 462 687 501 dis
719 462 903 502 manibus
929 461 935 516 Ι
963 463 1012 503 M.
1030 462 1183 515 Popilio
1215 461 1266 502 M.
1298 462 1324 501 f.
1357 461 1579 502 Zosimiano
1605 462 1610 517 Ι
1638 463 1718 502 filio
1749 461 1942 515 piissimo,
1971 461 2048 504 vix.

343 543 438 570 ann.
460 529 493 569 X
519 528 526 582 Ι
553 542 677 569 mens.
699 529 734 568 11
765 529 869 570 dieb.
889 530 960 570 ΧΠ
992 530 1030 569 h.
1052 529 1160 578 Vlll,
1196 529 1202 582 Ι
1242 530 1293 570 Μ.
1326 529 1501 581 Popilius
1531 530 1762 584 Euphemus
1786 528 1793 584 Ι
1830 536 1869 569 et
1899 529 2050 582 Popilia

345 598 515 638 Moschis
541 596 547 650 Ι
574 598 757 638 fecerunt
787 604 826 637 et
854 597 927 638 sibi
960 605 998 638 et
1022 598 1173 638 libertis
1199 595 1206 653 Ι
1232 597 1490 650 libertabusq.
1520 598 1602 638 suis
1628 599 1839 651 posterisq.
1859 610 2012 639 eorum.
2039 594 2048 654 Ι

344 666 531 716 Quisquis
561 665 637 705 hoc
668 672 971 706 monumentum
1010 666 1212 706 violaverit
1245 664 1250 720 Ι
1284 673 1352 706 aut
1380 666 1537 706 titulum
1577 665 1847 707 deasciaverit¹
1888 667 2013 707 aliove
2039 662 2048 722 Ι

343 746 423 785 quo
455 734 616 774 nomine
645 733 905 786 inscripserit,
935 734 1043 774 dabit
1068 732 1074 789 Ι
1101 735 1140 774 in
1174 735 1367 774 aerarium
1398 746 1439 786 p.
1471 733 1516 773 R.
1543 732 1618 774 fis
1646 733 1713 774 XX
1742 747 1793 775 m.
1826 748 1865 775 n.

455 799 586 834 Romae
611 799 683 844 (VI
702 802 812 835 24799
836 805 993 834 servavit
1016 801 1240 845 Ace-ursim).
1264 820 1310 826 --
1335 802 1368 843 1)
1395 799 1450 840 Cf.
1473 800 1519 835 Ν.
1534 801 1642 835 8223.

454 914 618 970 822112
662 917 750 957 Sex.
770 917 964 957 Nerianus
981 914 988 970 Ι
1007 917 1199 957 Romulus
1226 914 1232 971 Ι
1259 918 1352 957 fecit
1372 917 1446 957 sibi
1469 923 1509 957 et
1533 915 1539 972 Ι
1567 917 1731 957 Cordiae
1747 916 1904 969 Helpidi
1924 913 1933 973 Ι
1952 929 2051 958 cou-

342 985 421 1036 iugi
454 985 679 1025 karissimae
711 992 750 1024 et
789 984 795 1038 Ι
836 984 988 1025 libertis
1018 985 1313 1037 libertabusque
1354 983 1359 1040 Ι
1400 986 1648 1038 posterisque
1678 998 1814 1025 eorum
1847 986 2052 1038 utriusque

341 1066 457 1093 sexus
485 1052 492 1106 Ι
518 1066 564 1093 ex
596 1053 750 1105 origine
784 1059 929 1093 nostra.
992 1053 1031 1093 Si
1063 1054 1151 1105 quis
1177 1053 1184 1108 Ι
1211 1066 1301 1094 eum
1333 1055 1435 1094 titul.
1465 1053 1718 1094 adulteravi-it
1735 1060 1832 1101 (sie),
1862 1053 2052 1106 alienige-

343 1133 436 1160 num
469 1133 578 1174 corp.
609 1128 678 1162 aut
707 1134 793 1162 ossa
825 1128 893 1161 aut
923 1123 1078 1162 cineres
1104 1119 1110 1175 Ι
1137 1122 1175 1162 in
1202 1123 1279 1162 hoc
1308 1134 1486 1163 monum.
1517 1122 1663 1162 inferre
1694 1123 1842 1170 volens,
1875 1121 2050 1161 adhum.⁸

344 1202 425 1228 non
457 1188 593 1228 haber.
624 1196 664 1229 et
693 1190 786 1230 dare
817 1189 958 1230 debeat
987 1203 1021 1231 a.
1054 1203 1091 1243 p.
1124 1189 1185 1231 R?
1216 1189 1279 1230 Hs
1310 1189 1340 1230 L
1372 1202 1423 1230 m.
1456 1203 1496 1230 n.
1532 1189 1540 1246 Ι
1580 1191 1682 1230 Huic
1713 1203 1821 1230 mon.
1852 1189 1930 1229 dol.
1960 1188 2052 1229 mal.

341 1256 490 1297 abesto.

458 1323 586 1357 Romae
610 1325 809 1369 (V122915
832 1326 926 1358 vidit
941 1324 1096 1370 Nissen).
1121 1344 1167 1349 —-
1194 1327 1225 1366 1)
1251 1325 1327 1360 Ser.
1353 1324 1494 1358 aditum.
1518 1345 1564 1349 —
1587 1327 1622 1367 2)
1652 1323 1705 1364 Cf.
1723 1324 1768 1360 N.
1783 1325 1873 1359 8247
1887 1329 1962 1359 not.
1973 1325 2007 1358 ὅ.

456 1441 572 1487 8223
617 1443 653 1482 d.
675 1455 727 1483 m.
755 1441 763 1496 Ι
789 1443 835 1490 Q.
854 1443 980 1499 lulius
1000 1443 1166 1484 Hermes
1196 1452 1308 1495 pater
1329 1451 1368 1483 et
1389 1443 1484 1483 Iulia
1507 1440 1703 1497 Diodolris
1734 1449 1860 1482 mater
1889 1441 1937 1489 Q.
1955 1441 2053 1481 lulio

345 1509 503 1563 Cyrioni
535 1511 615 1550 filio
648 1510 686 1552 b.
717 1523 784 1559 m.‚
811 1510 818 1564 Ι
845 1511 912 1563 qui
943 1511 1035 1551 vixit
1065 1512 1181 1551 annis
1211 1511 1314 1551 XVll
1347 1524 1398 1550 m.
1421 1511 1488 1551 Vll
1519 1512 1555 1554 d.
1581 1511 1707 1558 xvu,
1744 1509 1750 1565 Ι
1787 1510 1863 1551 sibi
1892 1510 2055 1563 suisque

343 1579 593 1631 posterisque
623 1591 760 1620 eorum
793 1577 983 1635 omnilum
1015 1580 1101 1620 sine
1122 1580 1213 1620 dolo
1235 1581 1350 1619 malo.
1401 1579 1590 1632 Quisquis
1621 1580 1729 1619 hunc
1754 1578 1761 1634 Ι
1788 1578 1944 1619 titulum
1974 1578 2055 1619 sive

343 1653 605 1687 monumentu
636 1647 730 1688 siive
748 1651 839 1695 (sic)
868 1645 1134 1704 selpulchrum
1167 1655 1244 1694 est,
1283 1648 1537 1688 deasciaverit
1565 1650 1625 1688 at¹
1663 1644 1880 1703 viollaverit
1919 1646 2054 1687 vendi-

344 1714 462 1757 derit..
501 1715 565 1755 Hs
597 1715 656 1756 CC
686 1717 791 1757 milia
822 1730 863 1757 n.
902 1717 909 1771 Ι
950 1717 1102 1757 aerario
1132 1716 1268 1769 populi
1300 1716 1468 1756 Romani
1500 1716 1662 1756 damnas
1692 1713 1807 1771 est'to
1824 1721 1918 1763 (sic)
1947 1715 2054 1761 dare,

346 1783 479 1822 heredi
519 1790 610 1823 aute
650 1797 803 1837 necque
842 1783 1074 1840 venlditori²
1114 1786 1189 1824 hoc
1230 1791 1490 1824 monumentu
1534 1785 1615 1824 sive
1654 1782 1922 1839 sepullchrum
1971 1795 2050 1823 non

343 1858 545 1902 sequetur.

456 1918 499 1950 In
524 1919 635 1951 Portu
659 1918 818 1952 Romano
851 1919 958 1964 (XIV
975 1920 1064 1954 4455
1095 1919 1188 1952 vidit
1210 1920 1422 1961 Bor-mann).
1454 1938 1498 1944 —
1537 1920 1569 1959 1)
1594 1918 1672 1952 Ser.
1697 1921 1766 1952 aut.
1798 1937 1844 1944 --
1879 1919 1914 1960 2)
1939 1918 2054 1951 Antea

343 1975 517 2017 seriptum
542 1978 621 2008 erat
644 1974 811 2020 venldi103
848 1976 975 2009 deinde
999 1975 1121 2009 lituris
1144 1977 1372 2009 obscuratum
1402 1979 1454 2009 est
1478 1976 1566 2019 quid
1590 1976 1744 2008 voluerit
1773 1977 1806 2008 is
1830 1976 1894 2018 qm·
1914 1975 2055 2018 primus

345 2032 490 2064 titulum
515 2032 677 2066 dictavit.

458 2134 574 2180 8224
632 2137 683 2177 Μ.
706 2140 799 2178 Aur.
821 2138 1121 2190 Asclepiodotus
1151 2138 1277 2190 Augg.
1309 2138 1376 2178 lib.
1411 2137 1416 2192 Ι
1454 2145 1492 2178 et
1522 2138 1627 2178 Aelia
1660 2133 1820 2193 Hsy]gia
1857 2142 1983 2176 mater
2012 2148 2054 2176 se

345 2204 417 2243 vivi
445 2203 451 2259 Ι
478 2206 660 2245 fecerunt
698 2206 771 2246 sibi
814 2213 853 2246 et
890 2207 971 2246 suis
1009 2206 1159 2246 libertis
1200 2204 1206 2260 Ι
1246 2206 1543 2258 libertabusque
1574 2207 1823 2259 posterisque
1853 2217 2006 2246 eorum.
2043 2201 2052 2259 Ι

346 2272 524 2324 Quisque
555 2274 662 2313 hunc
692 2274 985 2315 munimentum
1017 2275 1098 2315 sive
1131 2273 1138 2329 Ι
1172 2275 1404 2315 vendederit
1433 2276 1512 2315 sive
1543 2274 1770 2314 donationis
1800 2285 1916 2314 causa
1941 2271 1949 2327 Ι
1984 2272 2053 2312 de-

348 2340 460 2385 derit,
492 2340 667 2381 inferent
686 2343 837 2382 aerario
859 2343 1017 2383 Saturni
1045 2341 1050 2396 Ι
1077 2343 1301 2383 sestertios¹
1333 2343 1619 2395 quinquaginta
1640 2341 1743 2382 milia
1767 2351 1987 2381 nummum.

460 2406 590 2439 Romae
620 2408 690 2445 (Vl
713 2408 827 2442 45028
856 2409 1048 2451 aliquoties
1079 2413 1121 2442 ut
1143 2410 1286 2443 videtur
1316 2410 1379 2441 sed
1401 2411 1518 2442 neseio
1551 2419 1657 2452 quam
1683 2409 1851 2441 accur-ato
1874 2407 2053 2450 damma

346 2473 436 2496 saec.
460 2462 651 2507 XVJXVJ).
676 2483 720 2488 —
752 2466 782 2506 1)
806 2465 978 2498 For-caue
1000 2467 1040 2497 in
1065 2466 1183 2508 lapide
1206 2465 1283 2506 fuit
1308 2465 1368 2499 HS.

459 2564 574 2612 8225
634 2569 684 2608 Μ.
716 2569 848 2608 Aureli
880 2569 1066 2609 Marciani
1093 2567 1100 2624 Ι
1127 2576 1166 2609 et
1196 2569 1370 2609 Beleriae
1401 2568 1679 2622 Felilcissimae
1708 2569 1838 2621 coiugi
1869 2575 1908 2608 et
1935 2565 1943 2622 Ι
1968 2567 2052 2608 libt.

347 2635 665 2688 libertabusquae
683 2641 774 2685 (sic)
805 2636 886 2677 suis
917 2636 1200 2691 postelrisquae
1231 2650 1384 2685 eorum,
1416 2644 1455 2678 et
1475 2637 1650 2677 Valeriae
1671 2636 1906 2689 Marcilanae
1936 2636 2052 2683 filiae,

348 2711 387 2743 et
416 2705 573 2744 Aurelio
605 2704 803 2746 Marciano
838 2703 844 2760 Ι
881 2706 1020 2745 marito
1051 2706 1147 2753 eius,
1187 2712 1226 2746 et
1264 2706 1433 2746 filiorum
1473 2717 1625 2745 eorum.
1687 2705 1733 2745 H.
1761 2704 1768 2759 Ι
1794 2705 1864 2744 m.²
1901 2704 1935 2745 si
1965 2703 2054 2757 quis

348 2772 521 2812 bendere
554 2772 722 2813 boluerit
751 2773 815 2813 bel
840 2772 846 2828 Ι
874 2772 1035 2821 donare,
1066 2774 1209 2814 inseret
1239 2774 1278 2814 in
1310 2774 1406 2814 aede
1437 2774 1596 2814 Saturni
1622 2772 1629 2829 Ι
1658 2772 1730 2817 SS
1761 2773 1790 2813 L
1823 2785 1875 2814 m.
1905 2785 1945 2813 n.

460 2850 600 2894 Roman,
622 2855 746 2894 postea
774 2853 922 2886 Velitris
946 2851 1017 2893 (Vl
1037 2851 1147 2887 43450
1170 2855 1225 2885 ter·
1248 2853 1426 2895 descripta
1450 2862 1541 2886 saec.
1559 2851 1823 2896 XVJJJXVIH).
1849 2869 1894 2876 —-
1921 2850 1954 2893 1)
1978 2849 2053 2883 Hoc

346 2911 620 2941 monumentum.

464 2965 504 2997 ln
529 2965 634 2997 mulo
656 2975 727 2998 non
745 2967 830 2999 beno
852 2965 1029 3007 descripto
1050 2964 1233 3000 7135285
1249 2967 1318 2998 ul.-
1342 2966 1462 3009 quo[d]
1479 2966 1507 2999 si
1526 2965 1603 3010 quis
1620 2984 1663 2991 -—-
1678 2984 1720 2991 —
1733 2984 1779 2990 --
1795 2963 1890 2998 davit
1905 2962 2051 2997 entium

349 3019 484 3054 Saturni
511 3019 575 3055 SS
602 3012 696 3061 (TC-[3
733 3024 771 3054 in
795 3022 902 3055 titulo
927 3022 1050 3055 mutilo
1079 3021 1131 3055 VI
1148 3022 1285 3056 33265:
1322 3022 1482 3063 [aet-lario
1509 3021 1644 3056 Saturni
1674 3025 1709 3055 et
1728 3022 1853 3064 postea
1876 3018 2050 3061 [dlelntori

348 3076 528 3118 d10b6turJ.
