2196 3412
376 270 461 309 838
1102 267 1222 314 Caput
1244 266 1361 304 XVII.

485 385 597 428 Prope
620 383 788 418 Puteolos
810 393 905 426 rep„
934 380 1124 425 oper-culae
1148 380 1302 414 ollarum
1322 380 1589 423 plumbearum,
1619 383 1659 415 in
1681 382 1810 424 quibus
1833 381 1981 414 ineo-ant
2001 389 2083 414 vae-

371 440 456 474 eula
480 444 641 474 cretaeea
666 441 804 474 ossibus
828 439 995 472 humanis
1017 438 1152 481 repleta
1182 436 1235 482 (Χ
1253 436 1352 472 4936.
1376 436 1475 472 4937.
1497 437 1598 472 4938.
1621 437 1712 472 4935
1735 437 1830 471 vidie
1851 435 2083 480 Fiet-ellim).

370 515 417 522 —
441 498 474 540 1)
496 497 540 532 A.
564 507 600 531 u.
625 508 655 530 e.
677 497 751 530 740.
775 514 821 520 -
845 496 880 537 2)
905 495 949 528 A.
972 494 1050 529 743.
1074 513 1120 519 -
1152 496 1186 537 3)
1212 494 1290 529 Ser.
1314 493 1533 539 Glaphyrus?
1557 494 1762 539 (Momm).

484 552 585 586 Adde
607 563 681 586 una
704 556 866 594 repertas
889 551 920 585 X
943 550 1044 585 4939.
1070 551 1164 585 4940.

483 642 598 700 ’7843
646 644 710 684 Μ’.
731 644 923 697 Egnatius
954 643 1019 684 M'.
1041 644 1066 684 l.
1089 643 1278 685 Lucullus
1304 642 1310 698 Ι
1345 656 1405 696 pr.
1435 656 1591 684 nounas
1607 648 1692 692 (eie)
1725 643 1926 685 lanuarias
1951 642 1960 694 Ι
1985 643 2084 696 imp.

372 712 536 753 Caesare
566 712 743 765 Augusto
776 711 846 752 XII
877 711 921 753 L.
951 711 1136 752 Cornelio
1167 711 1275 752 Sulla
1304 712 1402 753 cos.¹
1429 713 1437 762 Ι
1473 712 1739 753 manumissus
1769 712 1989 765 eodemque
2018 710 2084 752 die

371 780 554 829 decessit,
586 792 702 821 carus
732 780 888 831 amicis;
922 778 930 835 Ι
971 791 1170 820 annorum
1203 776 1319 820 natus
1347 779 1499 820 XXXI'
1528 789 1589 833 (ab
1613 789 1728 823 altera
1759 791 1864 833 parto
1886 789 2082 833 inscriptio

369 847 491 880 eadem
514 848 675 881 versibus
695 847 820 892 paullo
845 847 953 881 aliter
973 845 1126 892 divisis).

481 903 638 946 Neapoli
652 906 693 938 in
707 914 838 945 museo,
863 904 1070 948 operculum
1085 903 1280 937 rotundum
1294 902 1498 946 plumbeum
1512 913 1629 937 urnae
1651 902 1703 944 (X
1714 902 1803 938 2381
1827 901 1921 936 vida
1935 901 2085 936 Momm-

368 960 460 1005 sen).
482 980 528 986 —
555 962 587 1003 1)
611 961 655 996 A.
679 971 716 996 u.
742 972 771 996 o.
793 961 867 995 749.
892 979 936 985 --
966 963 1000 1003 2)
1027 959 1080 1001 Cf.
1104 971 1217 1003 supra
1240 959 1287 994 N.
1303 960 1390 994 4985
1414 963 1487 996 not.
1505 960 1540 995 3.

481 1051 596 1099 7843
636 1054 679 1094 P.
697 1053 855 1094 Lentul.
879 1051 887 1107 Ι
913 1053 958 1093 Τ.
975 1053 1138 1101 Quintio
1166 1051 1173 1109 Ι
1203 1053 1326 1094 Valer.
1349 1055 1445 1095 cos.¹
1471 1054 1478 1109 Ι
1505 1054 1543 1094 k.
1561 1053 1652 1106 Sep.
1675 1053 1753 1094 leto
1779 1051 1788 1105 Ι
1813 1051 1927 1093 datus
1946 1047 2080 1108 es[t]⁸l

369 1121 414 1162 L.
444 1122 569 1163 Allius
602 1121 609 1176 Ι
648 1118 881 1177 Epaph[ra].
943 1131 1015 1175 (Ab
1039 1132 1156 1165 altera
1174 1133 1298 1177 parte)
1330 1122 1375 1163 P.
1406 1122 1576 1163 Lentulo
1608 1122 1755 1175 Scipio.
1794 1118 1802 1175 Ι
1840 1120 1886 1160 Τ.
1916 1119 2083 1167 Quintio

371 1189 468 1231 Cris.
490 1190 587 1230 cos.¹
615 1187 621 1243 Ι
648 1190 686 1230 k.
714 1190 806 1242 Sep.
832 1188 838 1243 Ι
865 1189 909 1229 L.
933 1190 1056 1230 Allius
1083 1188 1088 1245 Ι
1116 1186 1350 1246 E[pa]phra.
1411 1200 1470 1245 (ln
1494 1200 1615 1234 eadem
1639 1201 1814 1244 amphora
1837 1201 1949 1232 antea
1969 1198 2084 1243 serip-

370 1271 447 1301 tum
470 1268 589 1302 colore
612 1268 740 1312 rubro)
773 1258 821 1301 Μ.
856 1258 895 1298 S.
923 1256 930 1313 Ι
958 1258 1089 1299 CXXC
1116 1256 1123 1313 Ι
1151 1258 1208 1298 n.³

482 1325 524 1358 In
549 1334 639 1368 agro
664 1325 862 1358 Puteolano
892 1335 984 1368 rep„
1021 1325 1146 1359 deinde
1170 1324 1340 1368 Neapoli,
1377 1326 1417 1358 in
1447 1326 1622 1369 amphora
1653 1326 1793 1368 pictum
1823 1323 1944 1358 colore
1973 1324 2083 1366 πίει-ο

369 1380 421 1425 (Χ
438 1381 555 1415 2039·
588 1379 635 1419 ef.
655 1392 692 1425 p.
717 1382 802 1416 4009
834 1382 927 1416 vidit
949 1382 1174 1427 Mommsen).
1211 1401 1258 1407 —
1299 1382 1331 1424 1)
1366 1380 1533 1415 Consules
1561 1379 1711 1422 suffecti
1740 1392 1774 1415 a.
1794 1391 1834 1424 p.
1860 1380 1942 1415 Chr.
1965 1380 1989 1414 2
2013 1377 2081 1423 (ef.

371 1437 422 1471 V]
443 1438 535 1472 4385
560 1441 595 1471 et
618 1438 660 1472 de
685 1438 854 1480 Quinctio
878 1449 990 1482 supra
1015 1437 1061 1473 N.
1076 1440 1178 1473 5026.
1201 1438 1304 1473 3939.
1341 1457 1386 1463 —
1421 1438 1455 1479 2)
1482 1437 1535 1477 Cf.
1562 1437 1670 1473 Van-r.
1695 1437 1720 1474 l.
1742 1437 1785 1472 L.
1806 1438 1840 1481 7,
1862 1438 1928 1472 42:
1957 1437 1999 1470 in
2021 1434 2083 1477 ἡ·

368 1495 514 1528 neribus
531 1519 540 1529 .
554 1521 562 1529 .
580 1495 734 1531 dieitur.-
757 1496 850 1529 ollus
866 1496 936 1530 leto
953 1496 1059 1530 datus
1075 1499 1145 1537 θείς
1167 1495 1296 1528 Festus
1311 1506 1347 1539 p.
1363 1495 1488 1529 254M.
1502 1494 1707 1539 (Momm).
1730 1513 1777 1520 ·—
1800 1496 1835 1537 3)
1861 1494 2085 1537 Quamquam

369 1553 505 1584 cineres
528 1555 563 1585 el
586 1562 664 1585 oua
688 1554 728 1586 in
752 1554 935 1597 amphoris
958 1553 1112 1586 vinariis
1135 1563 1209 1586 non
1232 1562 1321 1585 raro
1344 1554 1487 1595 reperta
1512 1552 1647 1585 dudum
1671 1551 1872 1585 docuerunt
1893 1560 2000 1595 saepe
2023 1560 2086 1583 eae

368 1607 418 1641 ad
440 1615 522 1642 osea
546 1608 749 1652 colligenda
773 1609 954 1643 adhibitas
977 1621 1066 1651 esse,
1095 1619 1193 1642 nune
1213 1610 1372 1653 primum
1393 1608 1520 1652 prodit
1542 1609 1715 1652 amphora
1746 1618 1826 1642 eum
1848 1608 2087 1651 incoruptione

369 1665 507 1709 duplici
530 1666 646 1699 aller-a
669 1669 834 1709 vinaria,
865 1667 981 1700 altera
1005 1667 1210 1700 mortuaria
1236 1665 1448 1709 (Momm-t.)-

481 1757 596 1805 7844
654 1761 783 1813 Appio
815 1761 930 1801 lunio
962 1760 1097 1801 Silano
1127 1760 1171 1801 P.
1200 1759 1207 1815 Ι
1241 1760 1337 1800 Silio
1367 1759 1492 1800 Nerva
1524 1757 1620 1798 cos.¹
1652 1754 1660 1812 Ι
1695 1757 1845 1798 ..leria
1876 1756 2084 1798 Putiolana

368 1840 427 1880 pr.
457 1827 465 1881 Ι
491 1841 590 1869 non.
619 1828 775 1881 Apriles
804 1829 916 1878 fuist,
948 1828 1016 1868 VH
1043 1825 1049 1882 Ι
1076 1828 1164 1868 idus
1193 1827 1350 1881 Apriles
1379 1827 1444 1867 hic
1474 1826 1547 1866 sita
1577 1824 1672 1866 est'.

482 1895 598 1938 Prope
614 1895 779 1929 Puteolos
799 1906 886 1939 rep„
909 1896 1047 1938 pictum
1062 1896 1104 1928 in
1119 1905 1215 1928 urna
1230 1893 1339 1935 fictili
1362 1892 1524 1938 (Notizie
1540 1892 1638 1935 degli
1651 1893 1753 1925 eeavi
1774 1891 1863 1926 4892
1884 1902 1922 1935 p.
1933 1890 2024 1937 479).
2037 1909 2083 1916 -

370 1951 403 1993 1)
427 1951 471 1985 Α.
493 1961 532 1995 p.
560 1952 640 1987 chr.
665 1952 725 1986 28.
748 1971 794 1976 —
817 1953 852 1993 2)
877 1951 1047 1986 Fortasse
1071 1951 1147 1984 dies
1170 1960 1240 1994 quo
1266 1951 1372 1992 obiit,
1412 1950 1446 1991 3)
1471 1951 1503 1981 is
1527 1959 1596 1992 quo
1623 1959 1700 1981 ossa
1725 1948 1871 1982 condita
1893 1951 1990 1984 eunt.

481 2041 594 2089 7845
654 2044 706 2084 M.
738 2045 826 2086 Auli
859 2045 1032 2086 Secundi
1058 2042 1067 2099 Ι
1092 2044 1221 2084 idibus
1251 2042 1458 2083 Decembr.
1487 2041 1494 2097 Ι
1522 2042 1593 2084 Cn.
1623 2042 1795 2083 Domitio
1826 2042 1924 2083 cos.¹

480 2111 596 2154 Prope
619 2111 786 2146 Puteolos
809 2122 895 2156 rep„
920 2114 960 2145 in
983 2122 1078 2145 urna
1102 2110 1211 2152 fictili
1230 2111 1366 2154 pictum
1393 2109 1510 2143 colore
1534 2110 1645 2143 rubro
1671 2109 1872 2154 (Dmnuon
1887 2109 2084 2143 Amet-ioan

362 2168 521 2212 Journal
543 2165 591 2207 of*
608 2168 851 2212 arehaeology
875 2168 963 2203 4898
984 2179 1020 2212 p.
1038 2168 1115 2210 376,
1129 2168 1161 2202 7.
1185 2186 1231 2191 -
1257 2167 1288 2208 1)
1314 2167 1420 2200 Anno
1441 2176 1479 2209 p.
1507 2165 1589 2200 Chr.
1605 2166 1651 2200 32
1675 2169 1772 2199 reete
1793 2169 1837 2200 ut
1859 2165 2005 2200 videtm·
2027 2167 2083 2199 at·

369 2226 498 2258 tribuit
520 2224 649 2260 editor.

952 2428 1188 2495 Sepulcra
1223 2428 1509 2479 communia.

481 2530 596 2578 ’7846
655 2562 665 2572 .
688 2562 698 2572 .
731 2528 933 2588 Hora[tius
964 2562 973 2571 .
998 2562 1007 2572 .
1031 2562 1041 2571 .
1071 2529 1122 2588 f.]
1155 2528 1363 2587 Balblusf’]
1398 2561 1441 2572 ..
1462 2560 1472 2570 .
1499 2530 1506 2587 Ι
1539 2530 1807 2585 municipibus
1839 2527 1988 2587 [cuneis
2018 2531 2082 2572 in·-

369 2601 570 2654 coleisque
602 2597 731 2657 [lo]}ca
752 2596 1030 2656 sepultura[e]¹
1063 2613 1095 2641 s.
1116 2599 1170 2653 μ’
1195 2600 1273 2648 dat,
1301 2599 1307 2653 Ι
1334 2607 1442 2639 extra
1473 2597 1733 2655 au[ct]orateis
1763 2605 1803 2639 et
1827 2596 1835 2654 Ι
1861 2599 1952 2652 quei
1982 2598 2083 2641 sibei

372 2666 548 2726 [lanueo
580 2682 702 2710 manu
734 2667 740 2723 Ι
776 2668 1000 2709 attulissent
1029 2674 1069 2708 et
1098 2668 1190 2720 quei
1216 2666 1223 2723 Ι
1250 2673 1456 2720 quaestum
1488 2679 1676 2721 spurcum
1703 2664 1711 2721 Ι
1736 2667 1904 2721 professi
1934 2673 2083 2717 essent,

369 2738 558 2790 singuleis
603 2737 609 2793 Ι
655 2738 696 2778 in
737 2737 869 2777 fronte
909 2749 948 2790 p.
978 2735 1033 2785 X,
1079 2736 1119 2776 in
1160 2748 1297 2789 agrum
1340 2748 1378 2788 p.
1410 2735 1465 2783 X,
1510 2734 1517 2791 Ι
1563 2736 1669 2776 inter
1697 2741 1861 2789 pontem
1892 2735 2005 2789 Sapis
2042 2740 2083 2776 et

369 2803 538 2859 titullum
568 2805 815 2858 superiorem
847 2805 916 2858 qui
946 2810 1005 2845 est
1033 2803 1074 2844 in
1102 2803 1108 2858 Ι
1136 2804 1216 2844 fine
1247 2804 1359 2845 fundi
1381 2803 1641 2858 Fangoniani.
1667 2802 1674 2858 Ι
1711 2803 1754 2844 ln
1786 2803 1932 2857 quibus
1959 2802 2083 2845 loccis

370 2884 488 2912 nemo
519 2871 715 2928 humaltus
746 2873 840 2923 erit,
880 2873 949 2926 qui
978 2871 1099 2920 volet,
1139 2871 1237 2912 sibei
1279 2870 1285 2925 Ι
1325 2872 1458 2913 vivous
1495 2878 1799 2913 monumentum
1829 2868 1974 2923 fulciet.
2033 2870 2079 2912 Iu

371 2939 515 2993 quibus
544 2940 665 2981 loceis
706 2939 866 2995 hulmati
897 2947 1037 2989 erunt,
1075 2939 1112 2980 ei
1142 2940 1180 2980 d.
1211 2940 1256 2981 t.⁸
1287 2941 1377 2993 quei
1416 2940 1422 2995 Ι
1452 2941 1635 2982 humatus
1665 2941 1756 2990 erit,
1795 2935 2081 2994 posternislque

372 3008 457 3049 eius
485 3015 790 3049 monumentum
816 3008 824 3063 Ι
850 3010 934 3050 fieri
966 3008 1112 3050 licebit.

484 3074 653 3109 Sam‘nao
677 3075 713 3121 (1
734 3076 830 3111 4448.
854 3076 906 3110 XI
927 3077 1021 3111 6528
1044 3076 1134 3110 vidit
1159 3076 1341 3110 Bor-mann
1363 3080 1503 3120 par-lem
1527 3087 1619 3119 quoe
1642 3077 1761 3118 extat,
1791 3071 1839 3114 ef.
1863 3076 1937 3109 not.
1961 3073 2011 3118 4).
2037 3092 2081 3099 -·

374 3132 406 3174 1)
431 3131 618 3176 Hucusque
642 3135 775 3174 omnia,
807 3135 892 3167 ilem
916 3132 1090 3167 nonnulla
1114 3143 1162 3166 ex
1185 3133 1236 3165 oie
1259 3143 1350 3176 quae
1372 3135 1573 3176 sequuntur·
1596 3131 1730 3166 dudum
1750 3132 1950 3176 perierunt,
1976 3129 2085 3165 nnat

371 3190 513 3222 tantum
536 3192 578 3222 ut
601 3189 744 3223 videtur
768 3190 946 3234 descripta
970 3199 1061 3224 saec.
1085 3188 1161 3224 XV.
1186 3208 1231 3214 —
1261 3191 1294 3232 2)
1318 3189 1392 3224 Sua
1415 3191 1579 3233 peeum'a.
1603 3207 1647 3214 —
1670 3189 1705 3231 3)
1728 3187 1944 3222 Dumtaoeae.
