2196 3412
359 211 444 250 846
1088 212 1209 259 Caput
1230 212 1348 250 XVII.

367 330 456 368 aere
487 328 631 369 collato
662 328 791 381 imago
822 329 857 368 ei
884 326 890 383 Ι
917 328 1017 368 faeta
1048 335 1118 375 est,
1150 335 1190 368 et
1208 328 1295 369 sine
1314 334 1422 370 sorte
1450 330 1579 383 primo
1609 330 1658 371 ab
1679 330 1783 371 soeis
1808 329 1814 385 Ι
1842 333 1941 383 quas
1958 330 2074 372 vellet

363 396 463 436 ollae
494 409 583 437 sexs
613 396 724 436 datae
755 401 861 445 sunt,
898 393 905 450 Ι
946 395 1062 447 eique
1093 393 1169 452 o[b]
1202 396 1377 438 officium
1407 402 1448 439 et
1475 398 1717 439 maiestatem
1748 398 1833 439 eius
1866 396 1874 452 Ι
1909 398 1951 439 in
1979 409 2073 453 per·

362 470 524 517 petuom
555 462 798 504 inmunitas²
826 463 914 503 data
944 469 1014 504 est.

475 529 608 563 Romae
640 530 726 563 olim
755 531 795 562 in
820 530 942 563 eodem
966 540 1087 564 museo
1113 532 1262 574 privato
1292 532 1332 564 in
1356 541 1426 575 quo
1450 530 1497 566 Ν.
1510 531 1676 574 790οΗΝ,
1707 535 1782 566 iam
1805 534 1845 566 in
1871 531 2073 577 Capitolino

361 586 431 629 (VI
446 586 560 619 40552
585 584 682 618 vidit
698 585 874 631 Henzen).
921 587 1102 620 Prodiisse
1125 598 1172 620 ex
1187 587 1308 621 eodem
1324 591 1552 622 monumento
1575 599 1622 622 ese
1638 599 1708 633 quo
1723 588 1770 624 Ν.
1785 590 1872 624 7899
1896 590 2077 624 cornicum·

363 642 415 676 VJ
433 643 559 676 35264.
584 660 629 666 -
657 643 689 684 1)
716 640 772 682 cf.
798 641 843 676 Ν.
859 644 946 677 6666
969 647 1041 678 not.
1061 645 1094 679 2.
1118 663 1164 669 -
1195 646 1229 687 2)
1256 643 1310 685 ct:
1334 643 1379 680 Ν.
1395 644 1493 680 7886.

474 698 612 731 Similis
636 698 765 732 titulus
788 710 898 743 supra
922 699 967 734 Ν.
982 700 1080 735 7544.

2002 759 2073 766 ——-

476 788 595 836 ’7890
652 791 704 832 Μ.
745 794 933 835 Aemilius
973 795 1133 836 Crestus
1150 775 1254 844 (sie),>
1287 793 1293 851 Ι
1340 795 1390 836 Μ.
1430 795 1574 836 Fabius
1612 795 1721 836 Felix
1760 795 1877 837 huius
1914 793 2074 850 molnu·

365 859 488 898 menti
518 865 723 901 curatores
752 861 916 915 aefldifici
946 862 1103 903 XXXVI
1133 864 1355 904 sociorum¹
1382 864 1389 918 Ι
1422 864 1489 916 qui
1518 864 1560 904 in
1591 875 1638 903 eo
1670 869 1933 904 monumento
1961 859 2075 916 eon}-

362 926 544 967 tulerunt
572 929 741 981 pecunia
761 933 847 979 (sie)
877 931 935 971 uti
962 928 1264 986 aedifilcaretur‚
1296 932 1472 972 rationes
1500 937 1743 985 aeceperunt
1766 928 1774 987 Ι
1799 930 1863 971 ide
1880 933 1965 979 (sie)
1993 929 2074 982 sig-

362 1001 510 1035 narunt
530 1009 572 1036 se
593 998 768 1039 rationes
794 997 800 1054 Ι
827 1011 943 1053 pares
964 999 1133 1040 habere²
1153 1001 1316 1041 aedifici.
1356 1001 1457 1042 Actu
1475 1004 1560 1049 (sic)
1586 1002 1593 1052 Ι
1619 1012 1680 1053 pr.
1702 999 1740 1040 k.
1764 999 1851 1041 Oet.
1873 998 1919 1040 D.
1939 997 2074 1039 Laelio

360 1061 403 1103 C.
433 1063 604 1105 Antistio
635 1066 733 1107 cos.⁸

472 1129 605 1164 Romae
629 1132 679 1165 ad
695 1134 789 1166 viam
804 1133 975 1168 Latinam
997 1146 1072 1179 rep.
1099 1134 1152 1179 (V
1151 1136 1167 1168 I
1182 1135 1290 1170 44034
1313 1136 1405 1170 vidit
1421 1136 1591 1181 Henzen).
1608 1155 1653 1161 -
1681 1136 1713 1178 1)
1739 1132 1793 1174 ct:
1810 1132 1854 1167 N.
1871 1132 1969 1167 7894.
1985 1132 2075 1166 7892

359 1189 434 1221 not.
458 1206 503 1212 —
528 1189 563 1231 2)
588 1187 642 1228 Cf.
666 1189 713 1223 N.
730 1189 813 1224 7894
838 1194 913 1226 not.
929 1192 961 1226 4.
984 1210 1030 1216 -
1055 1194 1089 1234 3)
1113 1193 1157 1227 A.
1175 1203 1210 1227 u.
1229 1204 1257 1228 c.
1273 1194 1347 1227 748.

475 1267 588 1315 7891
652 1272 704 1312 Μ.
735 1273 832 1314 Fabi
863 1274 1006 1316 Felicis
1036 1287 1120 1316 cur.
1166 1275 1174 1331 Ι
1219 1288 1310 1316 eum
1340 1275 1392 1316 M.
1423 1275 1590 1316 Aemilio
1624 1271 1631 1328 Ι
1669 1273 1832 1314 Chresto
1877 1270 1891 1362 Ι
1927 1282 2073 1312 monu-

361 1343 540 1378 mentum
572 1351 618 1379 ex
664 1337 671 1396 Ι
716 1342 887 1394 pecunia
916 1343 1115 1385 sociorum
1162 1346 1168 1395 Ι
1214 1344 1370 1385 xxxvl
1408 1344 1591 1384 fecerunt
1635 1340 1642 1397 Ι
1687 1348 1760 1382 rat.
1790 1340 1891 1394 par.¹
1927 1351 2008 1381 sor.
2038 1338 2074 1380 ΙΙ

361 1404 450 1446 loco
480 1407 656 1449 xwi.

475 1472 607 1508 Romae
622 1487 696 1519 rep.
715 1488 747 1511 a.
766 1478 850 1511 4399
874 1481 912 1511 in
929 1480 988 1512 via
1004 1478 1137 1512 Latina
1162 1480 1202 1512 in
1226 1478 1391 1512 aedicula
1415 1479 1649 1511 subterranea
1672 1476 1808 1520 repleta
1833 1474 1924 1517 ouis,
1947 1473 2075 1507 deinde

361 1529 403 1560 in
427 1529 595 1572 Belgium
619 1535 727 1566 missa
759 1533 830 1574 (VI
850 1534 961 1570 44055
993 1535 1039 1575 cll
1066 1536 1180 1570 34056
1211 1536 1403 1579 aliquoties
1432 1535 1613 1578 descripta
1641 1544 1734 1568 saec.
1757 1531 1854 1567 XVI.
1877 1529 2008 1576 XVII).
2030 1548 2077 1556 -—

366 1586 398 1627 1)
426 1584 643 1622 Batiombm
664 1591 835 1633 pariatis,
861 1591 907 1631 cl.
932 1591 978 1626 N.
994 1592 1091 1627 7890.
1116 1612 1162 1618 -
1186 1593 1219 1635 2)
1245 1591 1297 1632 Cfi
1321 1591 1367 1625 Ν.
1374 1591 1483 1655 7892.

476 1677 622 1726 '7892‘
660 1682 705 1725 P.
727 1683 854 1724 Sonti.
884 1682 929 1725 3.
961 1684 985 1725 1.
1018 1685 1292 1739 Philostorgus
1325 1698 1412 1726 sors
1441 1685 1459 1725 l
1497 1685 1586 1725 loco
1615 1684 1682 1724 111

594 1757 620 1787 ‘¹’
659 1761 702 1803 P.
724 1763 886 1804 Sentius
917 1762 1053 1819 3.1.Ι
1081 1765 1354 1818 Philostorgus
1380 1763 1387 1819 Ι
1413 1778 1500 1806 sors
1530 1763 1566 1803 11
1603 1764 1692 1804 loeo
1722 1761 1843 1802 xlm.

596 1845 616 1866 ⁰
658 1841 701 1881 P.
724 1841 851 1883 Sonti.
886 1842 923 1884 2.
956 1845 980 1884 Ι.
1008 1846 1015 1896 Ι
1042 1844 1317 1897 Philostorgus
1343 1843 1350 1898 Ι
1376 1857 1462 1885 sors
1491 1844 1545 1884 111
1580 1843 1669 1884 loco
1698 1841 1803 1882 Xlll.

595 1917 620 1945 ‘²
659 1922 704 1962 P.
727 1923 852 1963 Sonti.
877 1922 922 1964 3.
954 1924 978 1964 l.
1007 1922 1014 1978 Ι
1039 1924 1313 1977 Philostorgus
1341 1922 1347 1977 Ι
1373 1937 1459 1964 sors
1488 1923 1538 1963 lv
1573 1923 1662 1963 loco
1693 1919 1862 1962 XXXVI.

593 2003 614 2025 θ
660 2001 701 2041 Ρ.
725 2001 850 2043 Sonti.
874 2001 917 2044 3.
949 2003 973 2044 l.
1002 2001 1008 2057 Ι
1035 2004 1308 2057 Philostorgus
1334 2002 1341 2057 Ι
1367 2017 1453 2045 sors
1482 2003 1514 2042 V
1553 2003 1642 2043 loco
1671 2000 1828 2043 xxllll.

476 2075 607 2110 Romae
631 2078 766 2123 (prima
789 2081 973 2124 Londinii,
1001 2083 1064 2115 sed
1086 2081 1198 2116 Roma
1221 2084 1298 2115 sine
1322 2082 1430 2115 dubio
1456 2082 1613 2123 ablata),
1645 2082 1808 2124 repertae
1831 2077 2000 2112 videntur·
2027 2076 2078 2108 tbi

360 2132 425 2163 “⁶²⁸
459 2131 505 2166 Ν·
536 2135 638 2176 7394,
675 2148 893 2181 quamquam
927 2139 967 2172 id
1002 2139 1045 2172 de
1079 2140 1156 2172 sola
1194 2142 1320 2183 quinta
1357 2139 1517 2172 traditur
1553 2137 1762 2182 (Jahrbuck
1794 2136 1853 2170 des
1888 2133 2079 2168 deutschen

363 2190 543 2226 archaeol.
560 2193 645 2227 lme.
666 2195 749 2229 4904
765 2206 802 2239 p.
819 2196 904 2239 460,·
938 2196 970 2230 V
973 2197 992 2230 I
1013 2196 1277 2231 44050-44055
1299 2196 1492 2230 secundam
1516 2196 1662 2229 tertiam
1687 2195 1857 2238 quartam
1878 2191 1971 2226 vidit
1993 2189 2078 2223 Del-

363 2244 494 2289 lesffln,
529 2251 691 2292 quintam
715 2263 789 2285 una
814 2264 894 2288 cum
920 2254 965 2288 Ν.
981 2254 1065 2288 7894
1090 2254 1183 2287 vidit
1206 2253 1293 2289 Zar.
1315 2251 1568 2297 Castellinius).
1619 2251 1694 2287 Una
1726 2260 1807 2284 eum
1837 2250 1965 2294 quinta
1991 2257 2077 2291 pro-

361 2301 510 2337 dierunt
525 2307 657 2341 similes
673 2311 872 2352 complures
888 2313 1143 2354 inscriptiones
1161 2310 1197 2345 C.
1213 2309 1357 2344 Rabirii
1372 2310 1505 2344 Fausti
1529 2309 1600 2353 (VI
1613 2307 1900 2349 44044-44048).
1941 2304 2077 2345 Omnes,

363 2358 518 2402 {temque
548 2363 641 2396 alias
673 2367 865 2400 nonnullas
895 2370 1147 2411 inscriptiones
1177 2367 1311 2400 similes
1334 2367 1405 2407 (VI
1426 2366 1634 2409 4103610q.)
1662 2366 1845 2408 pertinere
1871 2362 1924 2396 ad
1950 2369 2077 2394 nonn-

360 2420 515 2451 mvntum
546 2422 725 2455 sociorum
757 2425 910 2466 triginta
939 2436 1004 2458 seoe
1031 2426 1266 2458 memoratum
1289 2423 1334 2458 N.
1355 2425 1442 2458 7890
1473 2424 1626 2456 coniecit
1652 2421 1750 2455 Gaui
1772 2419 1866 2455 Bull.
1891 2415 2078 2452 eomunale

363 2474 451 2509 4882
464 2486 501 2518 p.
515 2477 554 2510 44
564 2488 632 2521 seq.
646 2497 692 2503 —
708 2480 886 2514 Videntur
898 2484 936 2514 in
949 2483 1015 2514 lzoe
1028 2484 1256 2514 monumento
1273 2491 1347 2514 non
1365 2481 1456 2514 ollae
1469 2481 1662 2513 continuae
1679 2477 1749 2521 (VI
1757 2477 1860 2511 5015.
1872 2473 2005 2517 ⁴57ss)
2021 2471 2078 2506 vel

363 2534 585 2566 ⁰⁰⁷²⁶i⁷¹0nle⁸
603 2534 720 2575 (infra
739 2535 782 2569 Ν.
799 2536 884 2570 7900
896 2541 983 2581 seq.)
1008 2539 1115 2571 sociis
1132 2538 1347 2580 adsignatae
1363 2548 1446 2577 esse,
1469 2536 1532 2569 sed
1546 2535 1640 2569 ollae
1656 2534 1791 2568 divisae
1814 2543 1886 2566 esse
1909 2534 1949 2565 in
1964 2531 2078 2564 sor-tos

363 2589 538 2632 quinque,
570 2594 611 2624 ut
641 2595 797 2635 singulis
827 2605 874 2627 ex
902 2595 1058 2637 singulis
1088 2595 1338 2627 sor-titionibus
1370 2593 1537 2636 singulae
1568 2592 1660 2625 ollae
1689 2592 1870 2624 evenerint
1902 2587 2077 2628 (Mannu-

366 2644 637 2692 C.1.L.V171.
663 2650 770 2691 4457;
805 2650 854 2690 6Γ.
880 2653 986 2684 etiam
1014 2651 1115 2684 Gatti
1147 2651 1170 2685 1.
1195 2662 1224 2684 e.
1246 2661 1283 2694 p.
1309 2649 1420 2693 3seq.
1468 2649 1611 2683 Samter
1635 2647 1733 2692 apud
1754 2646 1889 2690 Pauly·
1902 2644 2076 2679 Μυσίαι

364 2700 706 2748 Realeneyolopiidie
730 2707 793 2740 der
817 2707 923 2742 klass.
950 2708 1268 2741 Alter-thumswc‘ss.
1291 2717 1317 2740 s.
1336 2717 1366 2740 v.
1397 2706 1662 2740 columbarium
1688 2704 1743 2738 IV
1758 2714 1795 2747 p.
1810 2703 1902 2747 604).

478 2796 592 2842 7893
652 2829 826 2839 ......
854 2799 860 2854 Ι
897 2800 970 2840 sibi
1002 2807 1040 2839 et
1069 2799 1151 2840 suis
1178 2798 1183 2852 Ι
1212 2803 1255 2838 A.
1287 2798 1431 2838 Fabius
1462 2801 1507 2838 A.
1538 2799 1562 2838 Ι.
1597 2795 1604 2852 Ι
1641 2795 1915 2848 Philargurus¹
1953 2792 1962 2848 Ι
2000 2805 2075 2833 cu-

363 2871 474 2904 rator
504 2867 606 2906 terti.
643 2865 649 2919 Ι
684 2880 730 2907 ex
762 2868 955 2908 sortitone
973 2873 1062 2913 (sio)
1089 2863 1096 2922 Ι
1133 2866 1231 2907 ollas
1261 2879 1341 2915 sex,
1372 2873 1411 2906 et
1437 2864 1443 2921 Ι
1470 2873 1591 2907 emtas
1623 2865 1720 2906 onas
1753 2863 1761 2919 Ι
1796 2864 1894 2905 duas
1922 2861 1972 2903 de
2001 2859 2073 2901 Cn.

367 2932 565 2989 Colrnelio
596 2934 681 2975 Flix
700 2940 785 2983 (sie)
816 2948 863 2976 ex
898 2933 904 2990 Ι
938 2941 1032 2976 sort.
1063 2934 1194 2988 prim..
1226 2942 1265 2974 et
1294 2946 1328 2975 a.
1359 2934 1409 2975 s.²
1443 2932 1448 2988 Ι
1476 2934 1518 2974 L.
1544 2933 1739 2975 Maclonio
1770 2929 1946 2972 Sabine·
1977 2926 1985 2983 Ι
2025 2938 2072 2969 ex

364 3008 470 3042 sorte
516 3009 588 3043 ter.
635 3004 722 3044 olla.
762 3004 817 3044 d.⁴
862 3002 869 3058 Ι
914 3003 955 3044 C.
987 3004 1174 3045 Votienus
1214 3002 1255 3043 C.
1295 3002 1320 3043 l.
1361 3000 1662 3056 Philaldelpus¹‚
1708 3000 1872 3041 Vetienn
1916 2996 1924 3051 Ι
1969 2996 2011 3038 C.
2046 2995 2072 3036 l.

363 3070 394 3111 N
425 3070 498 3111 issa
530 3083 563 3111 a.
595 3072 664 3112 m!

399 3084 422 3124 y
479 3135 590 3171 Roma
607 3141 683 3171 sine
701 3138 809 3172 dubio
826 3139 1027 3173 Bononiam
1044 3138 1167 3172 adlata
1194 3137 1266 3182 (VI
1280 3137 1392 3172 40329
1413 3138 1503 3171 vidit
1519 3134 1817 3179 Zangemer'ster).
1835 3151 1881 3159 -—
1906 3133 1939 3175 1)
1962 3129 2074 3166 lidan
