<?xml version="1.0" encoding="UTF-8"?>
<!DOCTYPE html PUBLIC "-//W3C//DTD XHTML 1.0 Transitional//EN"
    "http://www.w3.org/TR/xhtml1/DTD/xhtml1-transitional.dtd">
<html xmlns="http://www.w3.org/1999/xhtml" xml:lang="en" lang="en">
 <head>
  <title>
</title>
<meta http-equiv="Content-Type" content="text/html;charset=utf-8" />
  <meta name='ocr-system' content='tesseract 3.04.00' />
  <meta name='ocr-capabilities' content='ocr_page ocr_carea ocr_par ocr_line ocrx_word'/>
</head>
<body>
  <div class='ocr_page' id='page_1' title='image "./inscriptioneslat22dessuoft_0162.png"; bbox 0 0 2196 3412; ppageno 0'>
   <div class='ocr_carea' id='block_1_1' title="bbox 327 185 1283 233">
    <p class='ocr_par' dir='ltr' id='par_1_1' title="bbox 327 185 1283 233">
     <span class='ocr_line' id='line_1_1' title="bbox 327 185 1283 233; baseline -0.002 -8"><span class='ocrx_word' id='word_1_1' title='bbox 327 185 410 225; x_wconf 86' lang='lat'><strong>890</strong></span> <span class='ocrx_word' id='word_1_2' title='bbox 1025 189 1144 233; x_wconf 82' lang='lat' dir='ltr'><strong>caput</strong></span> <span class='ocrx_word' id='word_1_3' title='bbox 1165 187 1283 224; x_wconf 85' lang='lat' dir='ltr'><strong>xvn.</strong></span> 
     </span>
    </p>
   </div>
   <div class='ocr_carea' id='block_1_2' title="bbox 325 367 2028 495">
    <p class='ocr_par' dir='ltr' id='par_1_2' title="bbox 325 367 2028 495">
     <span class='ocr_line' id='line_1_2' title="bbox 437 367 2027 430; baseline 0.001 -17"><span class='ocrx_word' id='word_1_4' title='bbox 437 367 553 414; x_wconf 77' lang='lat'>82⁰9</span> <span class='ocrx_word' id='word_1_5' title='bbox 608 370 651 410; x_wconf 93' lang='lat' dir='ltr'><strong>L.</strong></span> <span class='ocrx_word' id='word_1_6' title='bbox 672 370 861 411; x_wconf 82' lang='lat' dir='ltr'><strong>Cocceius</strong></span> <span class='ocrx_word' id='word_1_7' title='bbox 882 370 1047 410; x_wconf 80' lang='lat' dir='ltr'><strong>Adiutor</strong></span> <span class='ocrx_word' id='word_1_8' title='bbox 1067 370 1160 410; x_wconf 79' lang='lat' dir='ltr'><strong>fecit</strong></span> <span class='ocrx_word' id='word_1_9' title='bbox 1185 369 1192 422; x_wconf 95' lang='grc' dir='ltr'>Ι</span> <span class='ocrx_word' id='word_1_10' title='bbox 1227 370 1324 420; x_wconf 90' lang='lat' dir='ltr'><strong>sibi,</strong></span> <span class='ocrx_word' id='word_1_11' title='bbox 1355 371 1456 412; x_wconf 91' lang='lat' dir='ltr'><strong>idem</strong></span> <span class='ocrx_word' id='word_1_12' title='bbox 1479 372 1686 414; x_wconf 84' lang='lat' dir='ltr'><strong>denuntiat</strong></span> <span class='ocrx_word' id='word_1_13' title='bbox 1716 386 1766 414; x_wconf 90' lang='lat' dir='ltr'><strong>ne</strong></span> <span class='ocrx_word' id='word_1_14' title='bbox 1798 374 1886 425; x_wconf 87' lang='lat' dir='ltr'><strong>quis</strong></span> <span class='ocrx_word' id='word_1_15' title='bbox 1909 371 2027 430; x_wconf 67' lang='lat' dir='ltr'><strong>velit!</strong></span> 
     </span>
     <span class='ocr_line' id='line_1_3' title="bbox 325 437 2028 495; baseline 0.004 -19"><span class='ocrx_word' id='word_1_16' title='bbox 325 438 596 478; x_wconf 89' lang='lat' dir='ltr'><strong>commurere¹</strong></span> <span class='ocrx_word' id='word_1_17' title='bbox 639 450 728 489; x_wconf 88' lang='lat' dir='ltr'><strong>neq.</strong></span> <span class='ocrx_word' id='word_1_18' title='bbox 761 438 930 478; x_wconf 89' lang='lat' dir='ltr'><strong>obruere</strong></span> <span class='ocrx_word' id='word_1_19' title='bbox 961 437 1135 486; x_wconf 83' lang='lat' dir='ltr'><strong>cadaver,</strong></span> <span class='ocrx_word' id='word_1_20' title='bbox 1172 438 1232 479; x_wconf 88' lang='lat' dir='ltr'><strong>sin</strong></span> <span class='ocrx_word' id='word_1_21' title='bbox 1264 444 1417 488; x_wconf 82' lang='lat' dir='ltr'><strong>autem,</strong></span> <span class='ocrx_word' id='word_1_22' title='bbox 1452 438 1459 495; x_wconf 93' lang='grc' dir='ltr'>Ι</span> <span class='ocrx_word' id='word_1_23' title='bbox 1494 440 1600 482; x_wconf 87' lang='lat' dir='ltr'><strong>dabit</strong></span> <span class='ocrx_word' id='word_1_24' title='bbox 1629 443 1685 483; x_wconf 86' lang='lat' dir='ltr'><strong>rei</strong></span> <span class='ocrx_word' id='word_1_25' title='bbox 1716 455 1755 494; x_wconf 85' lang='lat' dir='ltr'><strong>p.</strong></span> <span class='ocrx_word' id='word_1_26' title='bbox 1788 440 2028 483; x_wconf 78' lang='lat' dir='ltr'>ostiensium</span> 
     </span>
    </p>
   </div>
   <div class='ocr_carea' id='block_1_3' title="bbox 317 495 1252 559">
    <p class='ocr_par' dir='ltr' id='par_1_3' title="bbox 317 495 1252 559">
     <span class='ocr_line' id='line_1_4' title="bbox 317 495 1252 559; baseline 0.001 -13"><span class='ocrx_word' id='word_1_27' title='bbox 317 503 396 546; x_wconf 67' lang='lat' dir='ltr'><strong>Hs</strong></span> <span class='ocrx_word' id='word_1_28' title='bbox 418 495 453 545; x_wconf 73' lang='lat' dir='ltr'><strong>lJ</strong></span> <span class='ocrx_word' id='word_1_29' title='bbox 481 518 532 545; x_wconf 94' lang='lat' dir='ltr'><strong>m.</strong></span> <span class='ocrx_word' id='word_1_30' title='bbox 566 518 619 554; x_wconf 88' lang='lat' dir='ltr'><strong>n.‚</strong></span> <span class='ocrx_word' id='word_1_31' title='bbox 647 503 653 559; x_wconf 95' lang='grc' dir='ltr'>Ι</span> <span class='ocrx_word' id='word_1_32' title='bbox 680 505 830 545; x_wconf 86' lang='lat' dir='ltr'><strong>delator</strong></span> <span class='ocrx_word' id='word_1_33' title='bbox 860 511 1020 557; x_wconf 86' lang='lat' dir='ltr'><strong>quartas</strong></span> <span class='ocrx_word' id='word_1_34' title='bbox 1050 506 1252 559; x_wconf 83' lang='lat' dir='ltr'><strong>accipiet².</strong></span> 
     </span>
    </p>
   </div>
   <div class='ocr_carea' id='block_1_4' title="bbox 323 570 2029 672">
    <p class='ocr_par' dir='ltr' id='par_1_4' title="bbox 323 570 2029 672">
     <span class='ocr_line' id='line_1_5' title="bbox 440 570 2029 621; baseline 0.003 -16"><span class='ocrx_word' id='word_1_35' title='bbox 440 571 557 605; x_wconf 76' lang='lat' dir='ltr'><strong>Ostiae</strong></span> <span class='ocrx_word' id='word_1_36' title='bbox 581 571 688 612; x_wconf 88' lang='lat' dir='ltr'><em>(XIV</em></span> <span class='ocrx_word' id='word_1_37' title='bbox 695 573 763 605; x_wconf 77' lang='lat'><strong>850</strong></span> <span class='ocrx_word' id='word_1_38' title='bbox 788 570 889 616; x_wconf 66' lang='lat' dir='ltr'><strong>victv).</strong></span> <span class='ocrx_word' id='word_1_39' title='bbox 913 591 957 596; x_wconf 89' lang='lat'>—</span> <span class='ocrx_word' id='word_1_40' title='bbox 985 574 1016 615; x_wconf 90' lang='lat'><strong>1)</strong></span> <span class='ocrx_word' id='word_1_41' title='bbox 1041 572 1101 606; x_wconf 82' lang='lat' dir='ltr'><strong>Sic</strong></span> <span class='ocrx_word' id='word_1_42' title='bbox 1123 576 1320 614; x_wconf 85' lang='lat' dir='ltr'><strong>(commur-)</strong></span> <span class='ocrx_word' id='word_1_43' title='bbox 1343 576 1450 607; x_wconf 77' lang='lat' dir='ltr'><strong>etiam</strong></span> <span class='ocrx_word' id='word_1_44' title='bbox 1478 574 1531 609; x_wconf 86' lang='lat' dir='ltr'><strong>VI</strong></span> <span class='ocrx_word' id='word_1_45' title='bbox 1548 575 1660 610; x_wconf 77' lang='lat'><strong><em>20905</em></strong></span> <span class='ocrx_word' id='word_1_46' title='bbox 1683 574 1895 621; x_wconf 77' lang='lat' dir='ltr'><strong>(Buecheler</strong></span> <span class='ocrx_word' id='word_1_47' title='bbox 1918 586 2029 610; x_wconf 75' lang='lat' dir='ltr'><strong>cam.</strong></span> 
     </span>
     <span class='ocr_line' id='line_1_6' title="bbox 323 627 1659 672; baseline 0.004 -10"><span class='ocrx_word' id='word_1_48' title='bbox 323 640 358 664; x_wconf 78' lang='lat' dir='ltr'><strong>n.</strong></span> <span class='ocrx_word' id='word_1_49' title='bbox 373 629 445 672; x_wconf 79' lang='lat'><strong><em>95).</em></strong></span> <span class='ocrx_word' id='word_1_50' title='bbox 467 629 594 670; x_wconf 74' lang='lat'><strong><em>26215,</em></strong></span> <span class='ocrx_word' id='word_1_51' title='bbox 619 638 750 662; x_wconf 81' lang='lat' dir='ltr'><strong>comur-</strong></span> <span class='ocrx_word' id='word_1_52' title='bbox 774 627 819 663; x_wconf 84' lang='lat' dir='ltr'><strong>N.</strong></span> <span class='ocrx_word' id='word_1_53' title='bbox 836 628 936 663; x_wconf 77' lang='lat'><strong><em>8210.</em></strong></span> <span class='ocrx_word' id='word_1_54' title='bbox 961 647 1006 653; x_wconf 92' lang='lat'>—</span> <span class='ocrx_word' id='word_1_55' title='bbox 1031 629 1065 669; x_wconf 85' lang='lat'><strong>2)</strong></span> <span class='ocrx_word' id='word_1_56' title='bbox 1095 628 1150 668; x_wconf 74' lang='lat' dir='ltr'><strong>Cf.</strong></span> <span class='ocrx_word' id='word_1_57' title='bbox 1175 628 1277 669; x_wconf 71' lang='lat' dir='ltr'><strong>infra</strong></span> <span class='ocrx_word' id='word_1_58' title='bbox 1302 629 1346 664; x_wconf 87' lang='lat' dir='ltr'><strong>N.</strong></span> <span class='ocrx_word' id='word_1_59' title='bbox 1362 631 1462 666; x_wconf 75' lang='lat'><em>8217.</em></span> <span class='ocrx_word' id='word_1_60' title='bbox 1485 632 1579 667; x_wconf 81' lang='grc'><strong><em>8259</em></strong></span> <span class='ocrx_word' id='word_1_61' title='bbox 1595 635 1659 667; x_wconf 76' lang='lat' dir='ltr'><strong>cet.</strong></span> 
     </span>
    </p>
   </div>
   <div class='ocr_carea' id='block_1_5' title="bbox 322 730 2032 928">
    <p class='ocr_par' dir='ltr' id='par_1_5' title="bbox 322 730 2032 928">
     <span class='ocr_line' id='line_1_7' title="bbox 436 730 2029 789; baseline 0.005 -18"><span class='ocrx_word' id='word_1_62' title='bbox 436 730 552 778; x_wconf 77' lang='grc'><strong>8210</strong></span> <span class='ocrx_word' id='word_1_63' title='bbox 609 733 805 773; x_wconf 87' lang='lat' dir='ltr'><strong>Trebellia</strong></span> <span class='ocrx_word' id='word_1_64' title='bbox 835 731 879 774; x_wconf 73' lang='lat'><strong>3.</strong></span> <span class='ocrx_word' id='word_1_65' title='bbox 910 734 935 773; x_wconf 91' lang='lat' dir='ltr'><strong>l.</strong></span> <span class='ocrx_word' id='word_1_66' title='bbox 958 734 1087 774; x_wconf 89' lang='lat' dir='ltr'><strong>Tertia</strong></span> <span class='ocrx_word' id='word_1_67' title='bbox 1114 732 1120 789; x_wconf 99' lang='grc' dir='ltr'>Ι</span> <span class='ocrx_word' id='word_1_68' title='bbox 1147 734 1221 775; x_wconf 93' lang='lat' dir='ltr'><strong>sibi</strong></span> <span class='ocrx_word' id='word_1_69' title='bbox 1253 743 1292 775; x_wconf 87' lang='lat' dir='ltr'><strong>et</strong></span> <span class='ocrx_word' id='word_1_70' title='bbox 1317 734 1324 789; x_wconf 93' lang='grc' dir='ltr'>Ι</span> <span class='ocrx_word' id='word_1_71' title='bbox 1351 735 1468 776; x_wconf 86' lang='lat' dir='ltr'><strong>Siliae</strong></span> <span class='ocrx_word' id='word_1_72' title='bbox 1490 735 1533 776; x_wconf 89' lang='lat' dir='ltr'><strong>L.</strong></span> <span class='ocrx_word' id='word_1_73' title='bbox 1565 744 1604 777; x_wconf 85' lang='lat' dir='ltr'><strong>et</strong></span> <span class='ocrx_word' id='word_1_74' title='bbox 1633 735 1675 778; x_wconf 76' lang='lat'><strong>¹).</strong></span> <span class='ocrx_word' id='word_1_75' title='bbox 1707 738 1733 778; x_wconf 90' lang='lat' dir='ltr'><strong>l.</strong></span> <span class='ocrx_word' id='word_1_76' title='bbox 1765 737 1931 779; x_wconf 86' lang='lat' dir='ltr'><strong>Feliclae</strong></span> <span class='ocrx_word' id='word_1_77' title='bbox 1960 738 2029 778; x_wconf 88' lang='lat' dir='ltr'><strong>de-</strong></span> 
     </span>
     <span class='ocr_line' id='line_1_8' title="bbox 322 799 2032 857; baseline 0.003 -15"><span class='ocrx_word' id='word_1_78' title='bbox 322 802 412 842; x_wconf 93' lang='lat' dir='ltr'><strong>licio</strong></span> <span class='ocrx_word' id='word_1_79' title='bbox 439 799 446 856; x_wconf 98' lang='grc' dir='ltr'>Ι</span> <span class='ocrx_word' id='word_1_80' title='bbox 473 801 769 853; x_wconf 85' lang='lat' dir='ltr'><strong>libertabusque</strong></span> <span class='ocrx_word' id='word_1_81' title='bbox 798 802 892 849; x_wconf 86' lang='lat' dir='ltr'><strong>suis,</strong></span> <span class='ocrx_word' id='word_1_82' title='bbox 931 802 982 842; x_wconf 84' lang='lat' dir='ltr'><strong>ita</strong></span> <span class='ocrx_word' id='word_1_83' title='bbox 1014 815 1065 842; x_wconf 93' lang='lat' dir='ltr'><strong>ne</strong></span> <span class='ocrx_word' id='word_1_84' title='bbox 1097 803 1184 855; x_wconf 88' lang='lat' dir='ltr'><strong>quis</strong></span> <span class='ocrx_word' id='word_1_85' title='bbox 1214 803 1280 843; x_wconf 92' lang='lat' dir='ltr'><strong>ubi</strong></span> <span class='ocrx_word' id='word_1_86' title='bbox 1308 802 1315 856; x_wconf 96' lang='grc' dir='ltr'>Ι</span> <span class='ocrx_word' id='word_1_87' title='bbox 1349 816 1422 856; x_wconf 88' lang='lat' dir='ltr'><strong>ego</strong></span> <span class='ocrx_word' id='word_1_88' title='bbox 1454 805 1696 857; x_wconf 84' lang='lat' dir='ltr'><strong>conquiesco</strong></span> <span class='ocrx_word' id='word_1_89' title='bbox 1726 806 1926 847; x_wconf 65' lang='lat' dir='ltr'><strong>comui-av</strong></span> <span class='ocrx_word' id='word_1_90' title='bbox 1964 813 2032 847; x_wconf 84' lang='lat' dir='ltr'><strong>aut</strong></span> 
     </span>
     <span class='ocr_line' id='line_1_9' title="bbox 323 867 2029 928; baseline 0.003 -18"><span class='ocrx_word' id='word_1_91' title='bbox 323 870 477 910; x_wconf 88' lang='lat' dir='ltr'><strong>cineres</strong></span> <span class='ocrx_word' id='word_1_92' title='bbox 504 867 510 925; x_wconf 99' lang='grc' dir='ltr'>Ι</span> <span class='ocrx_word' id='word_1_93' title='bbox 536 882 627 910; x_wconf 89' lang='lat' dir='ltr'><strong>suas</strong></span> <span class='ocrx_word' id='word_1_94' title='bbox 649 876 770 922; x_wconf 84' lang='lat' dir='ltr'><strong>ponat</strong></span> <span class='ocrx_word' id='word_1_95' title='bbox 780 883 790 920; x_wconf 91' lang='lat'>;</span> <span class='ocrx_word' id='word_1_96' title='bbox 824 883 924 922; x_wconf 88' lang='lat' dir='ltr'><strong>quae</strong></span> <span class='ocrx_word' id='word_1_97' title='bbox 945 870 1155 911; x_wconf 83' lang='lat' dir='ltr'><strong>adversus²</strong></span> <span class='ocrx_word' id='word_1_98' title='bbox 1189 871 1338 920; x_wconf 79' lang='lat' dir='ltr'><strong>fecerit,</strong></span> <span class='ocrx_word' id='word_1_99' title='bbox 1369 872 1610 925; x_wconf 80' lang='lat' dir='ltr'><strong>virginibus³</strong></span> <span class='ocrx_word' id='word_1_100' title='bbox 1636 871 1642 928; x_wconf 97' lang='grc' dir='ltr'>Ι</span> <span class='ocrx_word' id='word_1_101' title='bbox 1669 873 1833 914; x_wconf 85' lang='lat' dir='ltr'><strong>damnas</strong></span> <span class='ocrx_word' id='word_1_102' title='bbox 1861 879 1946 915; x_wconf 84' lang='lat' dir='ltr'><strong>esto</strong></span> <span class='ocrx_word' id='word_1_103' title='bbox 1974 874 2029 915; x_wconf 82' lang='lat' dir='ltr'><strong>d.⁴</strong></span> 
     </span>
    </p>
   </div>
   <div class='ocr_carea' id='block_1_6' title="bbox 320 934 2030 1216">
    <p class='ocr_par' dir='ltr' id='par_1_6' title="bbox 325 934 944 993">
     <span class='ocr_line' id='line_1_10' title="bbox 325 934 944 993; baseline 0.002 -16"><span class='ocrx_word' id='word_1_104' title='bbox 325 937 399 981; x_wconf 63' lang='lat' dir='ltr'><strong>HS</strong></span> <span class='ocrx_word' id='word_1_105' title='bbox 427 938 509 986; x_wconf 60' lang='grc' dir='ltr'><strong>ψ’.</strong></span> <span class='ocrx_word' id='word_1_106' title='bbox 570 934 654 993; x_wconf 89' lang='grc' dir='ltr'><strong>[Η.]</strong></span> <span class='ocrx_word' id='word_1_107' title='bbox 686 951 737 980; x_wconf 92' lang='lat' dir='ltr'><strong>m.</strong></span> <span class='ocrx_word' id='word_1_108' title='bbox 770 940 808 978; x_wconf 84' lang='lat' dir='ltr'><strong>h.</strong></span> <span class='ocrx_word' id='word_1_109' title='bbox 842 952 881 978; x_wconf 89' lang='lat' dir='ltr'><strong>n.</strong></span> <span class='ocrx_word' id='word_1_110' title='bbox 913 952 944 979; x_wconf 91' lang='lat' dir='ltr'><strong>s.</strong></span> 
     </span>
    </p>

    <p class='ocr_par' dir='ltr' id='par_1_7' title="bbox 320 1004 2030 1216">
     <span class='ocr_line' id='line_1_11' title="bbox 436 1004 2028 1053; baseline 0.004 -16"><span class='ocrx_word' id='word_1_111' title='bbox 436 1004 568 1038; x_wconf 79' lang='lat' dir='ltr'><strong>Romae</strong></span> <span class='ocrx_word' id='word_1_112' title='bbox 584 1009 626 1038; x_wconf 81' lang='lat' dir='ltr'><strong>ul</strong></span> <span class='ocrx_word' id='word_1_113' title='bbox 642 1006 785 1038; x_wconf 77' lang='lat' dir='ltr'><strong>videtvr</strong></span> <span class='ocrx_word' id='word_1_114' title='bbox 800 1016 886 1049; x_wconf 70' lang='lat' dir='ltr'><strong>rep„</strong></span> <span class='ocrx_word' id='word_1_115' title='bbox 903 1008 956 1038; x_wconf 77' lang='lat' dir='ltr'><strong>est</strong></span> <span class='ocrx_word' id='word_1_116' title='bbox 973 1005 1106 1039; x_wconf 75' lang='lat' dir='ltr'><strong>Ooeonz‘i</strong></span> <span class='ocrx_word' id='word_1_117' title='bbox 1129 1005 1148 1050; x_wconf 92' lang='lat'><em>(</em></span> <span class='ocrx_word' id='word_1_118' title='bbox 1150 1005 1186 1038; x_wconf 93' lang='lat' dir='ltr'><em>V</em></span> <span class='ocrx_word' id='word_1_119' title='bbox 1183 1006 1202 1038; x_wconf 95' lang='lat' dir='ltr'><em>I</em></span> <span class='ocrx_word' id='word_1_120' title='bbox 1214 1006 1330 1041; x_wconf 75' lang='lat'><strong><em>27593</em></strong></span> <span class='ocrx_word' id='word_1_121' title='bbox 1346 1006 1439 1039; x_wconf 79' lang='lat' dir='ltr'><em>vidie</em></span> <span class='ocrx_word' id='word_1_122' title='bbox 1455 1007 1646 1053; x_wconf 72' lang='lat' dir='ltr'><strong>Huebner).</strong></span> <span class='ocrx_word' id='word_1_123' title='bbox 1663 1027 1710 1034; x_wconf 91' lang='lat'>—</span> <span class='ocrx_word' id='word_1_124' title='bbox 1738 1011 1768 1051; x_wconf 81' lang='lat'><strong>1)</strong></span> <span class='ocrx_word' id='word_1_125' title='bbox 1795 1007 1851 1049; x_wconf 77' lang='lat' dir='ltr'><strong>Cs&#39;.</strong></span> <span class='ocrx_word' id='word_1_126' title='bbox 1867 1008 2028 1045; x_wconf 62' lang='lat' dir='ltr'><strong>mm.</strong></span> 
     </span>
     <span class='ocr_line' id='line_1_12' title="bbox 320 1061 2030 1111; baseline 0.002 -14"><span class='ocrx_word' id='word_1_127' title='bbox 320 1081 365 1086; x_wconf 91' lang='lat'>—</span> <span class='ocrx_word' id='word_1_128' title='bbox 381 1063 416 1105; x_wconf 87' lang='grc'><strong>2)</strong></span> <span class='ocrx_word' id='word_1_129' title='bbox 434 1062 585 1095; x_wconf 75' lang='lat' dir='ltr'><strong>Eoectdit</strong></span> <span class='ocrx_word' id='word_1_130' title='bbox 602 1062 660 1106; x_wconf 87' lang='lat' dir='ltr'><strong>qui</strong></span> <span class='ocrx_word' id='word_1_131' title='bbox 679 1062 794 1107; x_wconf 60' lang='lat' dir='ltr'><em>(Ma).</em></span> <span class='ocrx_word' id='word_1_132' title='bbox 810 1082 855 1088; x_wconf 89' lang='lat'>-</span> <span class='ocrx_word' id='word_1_133' title='bbox 881 1063 914 1105; x_wconf 87' lang='lat'><strong>3)</strong></span> <span class='ocrx_word' id='word_1_134' title='bbox 938 1061 995 1098; x_wconf 85' lang='lat' dir='ltr'><strong>Sc.</strong></span> <span class='ocrx_word' id='word_1_135' title='bbox 1015 1062 1225 1097; x_wconf 72' lang='lat' dir='ltr'><em>Vestalibus.</em></span> <span class='ocrx_word' id='word_1_136' title='bbox 1261 1061 1315 1103; x_wconf 79' lang='lat' dir='ltr'><strong>Gr.</strong></span> <span class='ocrx_word' id='word_1_137' title='bbox 1332 1062 1378 1098; x_wconf 86' lang='lat' dir='ltr'><strong>N.</strong></span> <span class='ocrx_word' id='word_1_138' title='bbox 1393 1063 1485 1098; x_wconf 72' lang='grc'><strong><em>8231</em></strong></span> <span class='ocrx_word' id='word_1_139' title='bbox 1502 1067 1575 1099; x_wconf 82' lang='lat' dir='ltr'><strong>not.</strong></span> <span class='ocrx_word' id='word_1_140' title='bbox 1593 1083 1639 1089; x_wconf 90' lang='lat'><strong>-—-</strong></span> <span class='ocrx_word' id='word_1_141' title='bbox 1662 1066 1698 1107; x_wconf 83' lang='lat'><strong>4)</strong></span> <span class='ocrx_word' id='word_1_142' title='bbox 1722 1065 1807 1100; x_wconf 78' lang='lat' dir='ltr'><strong>Esto</strong></span> <span class='ocrx_word' id='word_1_143' title='bbox 1825 1066 1913 1100; x_wconf 71' lang='lat' dir='ltr'><strong>aare</strong></span> <span class='ocrx_word' id='word_1_144' title='bbox 1929 1065 2030 1111; x_wconf 66' lang='lat' dir='ltr'><strong>(vix.-</strong></span> 
     </span>
     <span class='ocr_line' id='line_1_13' title="bbox 321 1119 2028 1167; baseline 0.004 -15"><span class='ocrx_word' id='word_1_145' title='bbox 321 1120 422 1152; x_wconf 80' lang='lat' dir='ltr'><strong>estod</strong></span> <span class='ocrx_word' id='word_1_146' title='bbox 429 1146 438 1161; x_wconf 94' lang='lat'>‚</span> <span class='ocrx_word' id='word_1_147' title='bbox 467 1122 511 1152; x_wconf 81' lang='lat' dir='ltr'><strong>ut</strong></span> <span class='ocrx_word' id='word_1_148' title='bbox 534 1123 748 1162; x_wconf 76' lang='lat' dir='ltr'><strong>acceperunt</strong></span> <span class='ocrx_word' id='word_1_149' title='bbox 771 1119 956 1161; x_wconf 82' lang='lat' dir='ltr'><em>nonnulli,</em></span> <span class='ocrx_word' id='word_1_150' title='bbox 980 1121 1019 1152; x_wconf 83' lang='lat' dir='ltr'><strong>in&#39;</strong></span> <span class='ocrx_word' id='word_1_151' title='bbox 1043 1121 1099 1152; x_wconf 77' lang='lat' dir='ltr'><strong>his</strong></span> <span class='ocrx_word' id='word_1_152' title='bbox 1122 1119 1262 1153; x_wconf 83' lang='lat' dir='ltr'><em>Jordan</em></span> <span class='ocrx_word' id='word_1_153' title='bbox 1286 1120 1361 1155; x_wconf 82' lang='lat' dir='ltr'><strong><em>ind.</em></strong></span> <span class='ocrx_word' id='word_1_154' title='bbox 1387 1120 1466 1154; x_wconf 80' lang='lat' dir='ltr'><strong>lect.</strong></span> <span class='ocrx_word' id='word_1_155' title='bbox 1490 1119 1648 1163; x_wconf 62' lang='lat' dir='ltr'><strong>Regiam.</strong></span> <span class='ocrx_word' id='word_1_156' title='bbox 1672 1122 1801 1166; x_wconf 74' lang='lat' dir='ltr'><strong><em>4882s5</em></strong></span> <span class='ocrx_word' id='word_1_157' title='bbox 1821 1133 1857 1166; x_wconf 82' lang='lat' dir='ltr'><strong>p.</strong></span> <span class='ocrx_word' id='word_1_158' title='bbox 1880 1123 1959 1167; x_wconf 77' lang='lat'><strong><em>22).</em></strong></span> <span class='ocrx_word' id='word_1_159' title='bbox 1981 1140 2028 1148; x_wconf 92' lang='lat'>-</span> 
     </span>
     <span class='ocr_line' id='line_1_14' title="bbox 324 1175 874 1216; baseline 0.002 -6"><span class='ocrx_word' id='word_1_160' title='bbox 324 1179 358 1216; x_wconf 85' lang='lat'><strong>5)</strong></span> <span class='ocrx_word' id='word_1_161' title='bbox 386 1175 595 1210; x_wconf 74' lang='lat' dir='ltr'><em>Sestertium</em></span> <span class='ocrx_word' id='word_1_162' title='bbox 620 1176 738 1209; x_wconf 81' lang='lat' dir='ltr'><strong>decem</strong></span> <span class='ocrx_word' id='word_1_163' title='bbox 761 1177 874 1211; x_wconf 80' lang='lat' dir='ltr'><strong>milia.</strong></span> 
     </span>
    </p>
   </div>
   <div class='ocr_carea' id='block_1_7' title="bbox 319 1267 2029 1461">
    <p class='ocr_par' dir='ltr' id='par_1_8' title="bbox 319 1267 2029 1461">
     <span class='ocr_line' id='line_1_15' title="bbox 434 1267 2029 1329; baseline 0.001 -18"><span class='ocrx_word' id='word_1_164' title='bbox 434 1267 547 1314; x_wconf 77' lang='lat'>8211</span> <span class='ocrx_word' id='word_1_165' title='bbox 598 1270 634 1310; x_wconf 92' lang='lat' dir='ltr'><strong>d.</strong></span> <span class='ocrx_word' id='word_1_166' title='bbox 657 1283 709 1310; x_wconf 87' lang='lat' dir='ltr'><strong>m.</strong></span> <span class='ocrx_word' id='word_1_167' title='bbox 738 1268 744 1323; x_wconf 89' lang='grc' dir='ltr'>Ι</span> <span class='ocrx_word' id='word_1_168' title='bbox 772 1270 820 1309; x_wconf 91' lang='grc' dir='ltr'><strong>Μ.</strong></span> <span class='ocrx_word' id='word_1_169' title='bbox 845 1270 978 1323; x_wconf 83' lang='lat' dir='ltr'>Cipius</span> <span class='ocrx_word' id='word_1_170' title='bbox 998 1270 1165 1310; x_wconf 87' lang='lat' dir='ltr'><strong>Hermes</strong></span> <span class='ocrx_word' id='word_1_171' title='bbox 1187 1270 1236 1310; x_wconf 90' lang='lat' dir='ltr'><strong>M.</strong></span> <span class='ocrx_word' id='word_1_172' title='bbox 1259 1270 1368 1323; x_wconf 86' lang='lat' dir='ltr'><strong>Cipio</strong></span> <span class='ocrx_word' id='word_1_173' title='bbox 1396 1267 1402 1325; x_wconf 96' lang='grc' dir='ltr'>Ι</span> <span class='ocrx_word' id='word_1_174' title='bbox 1429 1271 1682 1323; x_wconf 78' lang='lat' dir='ltr'><strong>Trepto(s1·c)</strong></span> <span class='ocrx_word' id='word_1_175' title='bbox 1714 1272 1779 1311; x_wconf 86' lang='lat' dir='ltr'><strong>filo</strong></span> <span class='ocrx_word' id='word_1_176' title='bbox 1792 1276 1884 1329; x_wconf 58' lang='lat' dir='ltr'><strong>(sie)</strong></span> <span class='ocrx_word' id='word_1_177' title='bbox 1915 1272 2029 1324; x_wconf 85' lang='lat' dir='ltr'><strong>pien-</strong></span> 
     </span>
     <span class='ocr_line' id='line_1_16' title="bbox 319 1336 2027 1401; baseline 0.001 -22"><span class='ocrx_word' id='word_1_178' title='bbox 319 1339 491 1389; x_wconf 83' lang='lat' dir='ltr'><strong>tissim03</strong></span> <span class='ocrx_word' id='word_1_179' title='bbox 520 1337 525 1394; x_wconf 95' lang='grc' dir='ltr'>Ι</span> <span class='ocrx_word' id='word_1_180' title='bbox 553 1339 682 1379; x_wconf 87' lang='lat' dir='ltr'><strong>locum</strong></span> <span class='ocrx_word' id='word_1_181' title='bbox 714 1339 782 1378; x_wconf 91' lang='lat' dir='ltr'><strong>bui</strong></span> <span class='ocrx_word' id='word_1_182' title='bbox 800 1342 883 1388; x_wconf 76' lang='lat' dir='ltr'><strong>(sie)</strong></span> <span class='ocrx_word' id='word_1_183' title='bbox 913 1340 946 1380; x_wconf 89' lang='lat' dir='ltr'><strong>si</strong></span> <span class='ocrx_word' id='word_1_184' title='bbox 977 1340 1043 1390; x_wconf 90' lang='lat' dir='ltr'><strong>qui</strong></span> <span class='ocrx_word' id='word_1_185' title='bbox 1075 1336 1254 1401; x_wconf 50' lang='lat' dir='ltr'><strong>manus-l</strong></span> <span class='ocrx_word' id='word_1_186' title='bbox 1275 1339 1467 1391; x_wconf 86' lang='lat' dir='ltr'><strong>intulerit,</strong></span> <span class='ocrx_word' id='word_1_187' title='bbox 1498 1339 1727 1392; x_wconf 84' lang='lat' dir='ltr'><strong>virginebus</strong></span> <span class='ocrx_word' id='word_1_188' title='bbox 1744 1343 1833 1390; x_wconf 74' lang='lat' dir='ltr'><strong>(sic)</strong></span> <span class='ocrx_word' id='word_1_189' title='bbox 1863 1339 2027 1382; x_wconf 85' lang='lat' dir='ltr'><strong>Vestali-</strong></span> 
     </span>
     <span class='ocr_line' id='line_1_17' title="bbox 319 1405 1264 1461; baseline -0.002 -13"><span class='ocrx_word' id='word_1_190' title='bbox 319 1408 415 1448; x_wconf 83' lang='lat' dir='ltr'><strong>bus¹</strong></span> <span class='ocrx_word' id='word_1_191' title='bbox 449 1405 455 1461; x_wconf 96' lang='grc' dir='ltr'>Ι</span> <span class='ocrx_word' id='word_1_192' title='bbox 489 1408 613 1448; x_wconf 83' lang='lat' dir='ltr'><strong>solvet</strong></span> <span class='ocrx_word' id='word_1_193' title='bbox 642 1419 771 1459; x_wconf 85' lang='lat' dir='ltr'><strong>poena</strong></span> <span class='ocrx_word' id='word_1_194' title='bbox 789 1412 874 1456; x_wconf 78' lang='lat' dir='ltr'><strong>(sic)</strong></span> <span class='ocrx_word' id='word_1_195' title='bbox 905 1406 973 1447; x_wconf 60' lang='lat' dir='ltr'><strong>§ts</strong></span> <span class='ocrx_word' id='word_1_196' title='bbox 1004 1420 1042 1446; x_wconf 89' lang='lat' dir='ltr'><strong>n.</strong></span> <span class='ocrx_word' id='word_1_197' title='bbox 1074 1407 1125 1446; x_wconf 79' lang='lat' dir='ltr'><strong>V.²</strong></span> <span class='ocrx_word' id='word_1_198' title='bbox 1151 1405 1156 1461; x_wconf 98' lang='grc' dir='ltr'>Ι</span> <span class='ocrx_word' id='word_1_199' title='bbox 1184 1407 1264 1448; x_wconf 89' lang='lat' dir='ltr'><strong>XX.</strong></span> 
     </span>
    </p>
   </div>
   <div class='ocr_carea' id='block_1_8' title="bbox 319 1472 2029 1571">
    <p class='ocr_par' dir='ltr' id='par_1_9' title="bbox 319 1472 2029 1571">
     <span class='ocr_line' id='line_1_18' title="bbox 433 1472 2029 1519; baseline 0.001 -12"><span class='ocrx_word' id='word_1_200' title='bbox 433 1474 565 1508; x_wconf 75' lang='lat' dir='ltr'><strong>Romae</strong></span> <span class='ocrx_word' id='word_1_201' title='bbox 587 1477 627 1507; x_wconf 83' lang='lat' dir='ltr'><strong>in</strong></span> <span class='ocrx_word' id='word_1_202' title='bbox 651 1477 755 1507; x_wconf 75' lang='lat' dir='ltr'><strong>vinea</strong></span> <span class='ocrx_word' id='word_1_203' title='bbox 782 1473 934 1510; x_wconf 75' lang='lat' dir='ltr'><strong>Cadinia</strong></span> <span class='ocrx_word' id='word_1_204' title='bbox 958 1485 1031 1518; x_wconf 80' lang='lat' dir='ltr'><strong>rep.</strong></span> <span class='ocrx_word' id='word_1_205' title='bbox 1060 1474 1137 1513; x_wconf 88' lang='lat' dir='ltr'><strong>(VI</strong></span> <span class='ocrx_word' id='word_1_206' title='bbox 1147 1474 1235 1507; x_wconf 72' lang='lat'><strong>5475</strong></span> <span class='ocrx_word' id='word_1_207' title='bbox 1259 1473 1352 1507; x_wconf 78' lang='lat' dir='ltr'><strong>vidit</strong></span> <span class='ocrx_word' id='word_1_208' title='bbox 1375 1474 1418 1507; x_wconf 78' lang='lat' dir='ltr'><strong>de</strong></span> <span class='ocrx_word' id='word_1_209' title='bbox 1432 1472 1559 1519; x_wconf 72' lang='lat' dir='ltr'><strong>Rom).</strong></span> <span class='ocrx_word' id='word_1_210' title='bbox 1583 1492 1630 1500; x_wconf 88' lang='lat'><strong>·—-</strong></span> <span class='ocrx_word' id='word_1_211' title='bbox 1655 1476 1687 1515; x_wconf 91' lang='lat'><strong>1)</strong></span> <span class='ocrx_word' id='word_1_212' title='bbox 1713 1472 1768 1514; x_wconf 67' lang='grc' dir='ltr'><strong>ΕΙΣ</strong></span> <span class='ocrx_word' id='word_1_213' title='bbox 1785 1473 1938 1509; x_wconf 73' lang='grc' dir='ltr'><strong><em>Ν.8234</em></strong></span> <span class='ocrx_word' id='word_1_214' title='bbox 1955 1477 2029 1508; x_wconf 74' lang='lat' dir='ltr'><strong>not.</strong></span> 
     </span>
     <span class='ocr_line' id='line_1_19' title="bbox 319 1530 650 1571; baseline -0.003 -6"><span class='ocrx_word' id='word_1_215' title='bbox 319 1550 363 1555; x_wconf 86' lang='lat'><em>-</em></span> <span class='ocrx_word' id='word_1_216' title='bbox 388 1533 423 1571; x_wconf 84' lang='lat'><strong>2)</strong></span> <span class='ocrx_word' id='word_1_217' title='bbox 447 1530 650 1564; x_wconf 78' lang='lat' dir='ltr'><strong><em>Nummum.</em></strong></span> 
     </span>
    </p>
   </div>
   <div class='ocr_carea' id='block_1_9' title="bbox 318 1622 2026 1749">
    <p class='ocr_par' dir='ltr' id='par_1_10' title="bbox 318 1622 2026 1749">
     <span class='ocr_line' id='line_1_20' title="bbox 431 1622 2026 1680; baseline -0.003 -10"><span class='ocrx_word' id='word_1_218' title='bbox 431 1623 548 1670; x_wconf 74' lang='lat'>8212</span> <span class='ocrx_word' id='word_1_219' title='bbox 605 1625 805 1678; x_wconf 87' lang='lat' dir='ltr'><strong>praecipio</strong></span> <span class='ocrx_word' id='word_1_220' title='bbox 849 1623 854 1678; x_wconf 96' lang='grc' dir='ltr'>Ι</span> <span class='ocrx_word' id='word_1_221' title='bbox 894 1625 1047 1665; x_wconf 79' lang='lat' dir='ltr'><strong>libertis</strong></span> <span class='ocrx_word' id='word_1_222' title='bbox 1078 1622 1346 1680; x_wconf 71' lang='lat' dir='ltr'><strong>liberlmbusq.</strong></span> <span class='ocrx_word' id='word_1_223' title='bbox 1379 1626 1497 1673; x_wconf 86' lang='lat' dir='ltr'><strong>meis,</strong></span> <span class='ocrx_word' id='word_1_224' title='bbox 1539 1623 1546 1677; x_wconf 95' lang='grc' dir='ltr'>Ι</span> <span class='ocrx_word' id='word_1_225' title='bbox 1587 1638 1638 1666; x_wconf 90' lang='lat' dir='ltr'><strong>ne</strong></span> <span class='ocrx_word' id='word_1_226' title='bbox 1670 1627 1758 1678; x_wconf 92' lang='lat' dir='ltr'><strong>quis</strong></span> <span class='ocrx_word' id='word_1_227' title='bbox 1787 1632 1905 1667; x_wconf 85' lang='lat' dir='ltr'><strong>vestr.</strong></span> <span class='ocrx_word' id='word_1_228' title='bbox 1939 1622 1946 1679; x_wconf 94' lang='grc' dir='ltr'>Ι</span> <span class='ocrx_word' id='word_1_229' title='bbox 1986 1626 2026 1666; x_wconf 87' lang='lat' dir='ltr'><strong>in</strong></span> 
     </span>
     <span class='ocr_line' id='line_1_21' title="bbox 318 1690 2026 1749; baseline 0 -15"><span class='ocrx_word' id='word_1_230' title='bbox 318 1695 426 1735; x_wconf 89' lang='lat' dir='ltr'><strong>hunc</strong></span> <span class='ocrx_word' id='word_1_231' title='bbox 445 1690 708 1747; x_wconf 71' lang='lat' dir='ltr'><strong>monulment.</strong></span> <span class='ocrx_word' id='word_1_232' title='bbox 731 1692 902 1746; x_wconf 69' lang='lat' dir='ltr'><strong>corpus!</strong></span> <span class='ocrx_word' id='word_1_233' title='bbox 923 1701 990 1733; x_wconf 87' lang='lat' dir='ltr'><strong>aut</strong></span> <span class='ocrx_word' id='word_1_234' title='bbox 1011 1706 1098 1734; x_wconf 89' lang='lat' dir='ltr'><strong>ossa</strong></span> <span class='ocrx_word' id='word_1_235' title='bbox 1120 1699 1275 1734; x_wconf 79' lang='lat' dir='ltr'><strong>exterae</strong></span> <span class='ocrx_word' id='word_1_236' title='bbox 1291 1697 1374 1742; x_wconf 75' lang='lat' dir='ltr'><strong>(sie)</strong></span> <span class='ocrx_word' id='word_1_237' title='bbox 1403 1691 1408 1748; x_wconf 90' lang='grc' dir='ltr'>Ι</span> <span class='ocrx_word' id='word_1_238' title='bbox 1436 1694 1592 1734; x_wconf 85' lang='lat' dir='ltr'><strong>inserat.</strong></span> <span class='ocrx_word' id='word_1_239' title='bbox 1637 1694 1677 1734; x_wconf 91' lang='lat' dir='ltr'><strong>Si</strong></span> <span class='ocrx_word' id='word_1_240' title='bbox 1700 1694 1789 1746; x_wconf 89' lang='lat' dir='ltr'><strong>quis</strong></span> <span class='ocrx_word' id='word_1_241' title='bbox 1817 1693 1825 1749; x_wconf 91' lang='grc' dir='ltr'>Ι</span> <span class='ocrx_word' id='word_1_242' title='bbox 1848 1700 2026 1735; x_wconf 87' lang='lat' dir='ltr'><strong>contem-</strong></span> 
     </span>
    </p>
   </div>
   <div class='ocr_carea' id='block_1_10' title="bbox 316 1759 2029 2095">
    <p class='ocr_par' dir='ltr' id='par_1_11' title="bbox 316 1759 2029 2095">
     <span class='ocr_line' id='line_1_22' title="bbox 318 1759 1950 1817; baseline -0.001 -14"><span class='ocrx_word' id='word_1_243' title='bbox 318 1763 425 1807; x_wconf 83' lang='lat' dir='ltr'><strong>serit,</strong></span> <span class='ocrx_word' id='word_1_244' title='bbox 456 1769 552 1802; x_wconf 89' lang='lat' dir='ltr'><strong>tunc</strong></span> <span class='ocrx_word' id='word_1_245' title='bbox 579 1760 585 1816; x_wconf 97' lang='grc' dir='ltr'>Ι</span> <span class='ocrx_word' id='word_1_246' title='bbox 613 1762 845 1801; x_wconf 84' lang='lat' dir='ltr'><strong>conlibertis</strong></span> <span class='ocrx_word' id='word_1_247' title='bbox 875 1762 967 1802; x_wconf 87' lang='lat' dir='ltr'><strong>dare</strong></span> <span class='ocrx_word' id='word_1_248' title='bbox 995 1760 1001 1815; x_wconf 95' lang='grc' dir='ltr'>Ι</span> <span class='ocrx_word' id='word_1_249' title='bbox 1027 1761 1192 1802; x_wconf 85' lang='lat' dir='ltr'><strong>devebet</strong></span> <span class='ocrx_word' id='word_1_250' title='bbox 1222 1773 1373 1814; x_wconf 88' lang='lat' dir='ltr'><strong>poenae</strong></span> <span class='ocrx_word' id='word_1_251' title='bbox 1400 1759 1407 1817; x_wconf 98' lang='grc' dir='ltr'>Ι</span> <span class='ocrx_word' id='word_1_252' title='bbox 1435 1762 1619 1802; x_wconf 86' lang='lat' dir='ltr'><strong>nominae</strong></span> <span class='ocrx_word' id='word_1_253' title='bbox 1652 1761 1689 1802; x_wconf 71' lang='lat' dir='ltr'><strong><em>X</em></strong></span> <span class='ocrx_word' id='word_1_254' title='bbox 1715 1762 1829 1803; x_wconf 86' lang='lat' dir='ltr'><strong>milae</strong></span> <span class='ocrx_word' id='word_1_255' title='bbox 1847 1766 1950 1811; x_wconf 77' lang='lat' dir='ltr'><strong>(eie).</strong></span> 
     </span>
     <span class='ocr_line' id='line_1_23' title="bbox 433 1827 2028 1873; baseline 0 -10"><span class='ocrx_word' id='word_1_256' title='bbox 433 1829 577 1863; x_wconf 79' lang='lat' dir='ltr'><strong>Salonis</strong></span> <span class='ocrx_word' id='word_1_257' title='bbox 600 1827 677 1872; x_wconf 92' lang='lat' dir='ltr'><em>(III</em></span> <span class='ocrx_word' id='word_1_258' title='bbox 699 1829 735 1862; x_wconf 89' lang='lat' dir='ltr'><strong>S.</strong></span> <span class='ocrx_word' id='word_1_259' title='bbox 751 1830 839 1862; x_wconf 72' lang='lat'><strong><em>9450</em></strong></span> <span class='ocrx_word' id='word_1_260' title='bbox 863 1828 957 1861; x_wconf 80' lang='lat' dir='ltr'><strong>vidit</strong></span> <span class='ocrx_word' id='word_1_261' title='bbox 979 1827 1213 1872; x_wconf 75' lang='lat' dir='ltr'><strong>Hirschfeld).</strong></span> <span class='ocrx_word' id='word_1_262' title='bbox 1238 1847 1284 1853; x_wconf 91' lang='lat'><strong>—-</strong></span> <span class='ocrx_word' id='word_1_263' title='bbox 1323 1830 1355 1871; x_wconf 90' lang='lat'><strong>1)</strong></span> <span class='ocrx_word' id='word_1_264' title='bbox 1380 1827 1435 1868; x_wconf 73' lang='lat' dir='ltr'><strong>Cf.</strong></span> <span class='ocrx_word' id='word_1_265' title='bbox 1462 1828 1517 1863; x_wconf 89' lang='lat' dir='ltr'><strong>VI</strong></span> <span class='ocrx_word' id='word_1_266' title='bbox 1537 1829 1666 1863; x_wconf 72' lang='lat'><em>18758:</em></span> <span class='ocrx_word' id='word_1_267' title='bbox 1700 1829 1729 1862; x_wconf 88' lang='lat' dir='ltr'><strong>si</strong></span> <span class='ocrx_word' id='word_1_268' title='bbox 1754 1829 1832 1873; x_wconf 87' lang='lat' dir='ltr'><strong>quis</strong></span> <span class='ocrx_word' id='word_1_269' title='bbox 1855 1833 1969 1863; x_wconf 80' lang='lat' dir='ltr'><strong>autem</strong></span> <span class='ocrx_word' id='word_1_270' title='bbox 1995 1830 2028 1863; x_wconf 85' lang='lat' dir='ltr'><strong>in</strong></span> 
     </span>
     <span class='ocr_line' id='line_1_24' title="bbox 318 1884 2029 1930; baseline 0 -11"><span class='ocrx_word' id='word_1_271' title='bbox 318 1885 384 1919; x_wconf 88' lang='lat' dir='ltr'><strong>hoc</strong></span> <span class='ocrx_word' id='word_1_272' title='bbox 401 1885 595 1929; x_wconf 87' lang='lat' dir='ltr'><strong>sepulcrum</strong></span> <span class='ocrx_word' id='word_1_273' title='bbox 617 1884 623 1928; x_wconf 93' lang='grc' dir='ltr'>Ι</span> <span class='ocrx_word' id='word_1_274' title='bbox 644 1889 848 1918; x_wconf 83' lang='lat' dir='ltr'><strong>marmorato</strong></span> <span class='ocrx_word' id='word_1_275' title='bbox 874 1885 1035 1929; x_wconf 79' lang='lat' dir='ltr'><strong>reliquias</strong></span> <span class='ocrx_word' id='word_1_276' title='bbox 1061 1886 1213 1928; x_wconf 85' lang='lat' dir='ltr'><strong>corporis</strong></span> <span class='ocrx_word' id='word_1_277' title='bbox 1237 1885 1402 1926; x_wconf 85' lang='lat' dir='ltr'><strong>intulerit,</strong></span> <span class='ocrx_word' id='word_1_278' title='bbox 1423 1885 1429 1929; x_wconf 92' lang='grc' dir='ltr'>Ι</span> <span class='ocrx_word' id='word_1_279' title='bbox 1450 1885 1627 1929; x_wconf 82' lang='lat' dir='ltr'><strong>poenibitu</strong></span> <span class='ocrx_word' id='word_1_280' title='bbox 1646 1884 1714 1930; x_wconf 79' lang='lat' dir='ltr'><strong>(sic</strong></span> <span class='ocrx_word' id='word_1_281' title='bbox 1728 1885 1891 1930; x_wconf 73' lang='lat' dir='ltr'><strong>plerique</strong></span> <span class='ocrx_word' id='word_1_282' title='bbox 1906 1890 2029 1920; x_wconf 79' lang='lat' dir='ltr'><strong>auclo—</strong></span> 
     </span>
     <span class='ocr_line' id='line_1_25' title="bbox 317 1940 1936 1987; baseline 0.001 -11"><span class='ocrx_word' id='word_1_283' title='bbox 317 1954 375 1976; x_wconf 63' lang='grc' dir='ltr'><strong>νει</strong></span> <span class='ocrx_word' id='word_1_284' title='bbox 399 1942 500 1986; x_wconf 84' lang='lat' dir='ltr'><strong>boni)</strong></span> <span class='ocrx_word' id='word_1_285' title='bbox 526 1942 613 1975; x_wconf 86' lang='lat' dir='ltr'><strong>inter</strong></span> <span class='ocrx_word' id='word_1_286' title='bbox 637 1951 719 1975; x_wconf 87' lang='lat' dir='ltr'><strong>suos</strong></span> <span class='ocrx_word' id='word_1_287' title='bbox 744 1941 943 1975; x_wconf 85' lang='lat' dir='ltr'><strong>collibertos</strong></span> <span class='ocrx_word' id='word_1_288' title='bbox 968 1940 1020 1976; x_wconf 76' lang='lat' dir='ltr'><strong>HS</strong></span> <span class='ocrx_word' id='word_1_289' title='bbox 1038 1953 1086 1978; x_wconf 87' lang='lat'><strong>00</strong></span> <span class='ocrx_word' id='word_1_290' title='bbox 1104 1953 1148 1984; x_wconf 89' lang='lat' dir='ltr'><strong>n.‚</strong></span> <span class='ocrx_word' id='word_1_291' title='bbox 1170 1942 1176 1985; x_wconf 90' lang='grc' dir='ltr'>Ι</span> <span class='ocrx_word' id='word_1_292' title='bbox 1197 1946 1231 1976; x_wconf 88' lang='lat' dir='ltr'><strong>et</strong></span> <span class='ocrx_word' id='word_1_293' title='bbox 1255 1942 1473 1986; x_wconf 84' lang='lat' dir='ltr'><strong>posterisque</strong></span> <span class='ocrx_word' id='word_1_294' title='bbox 1499 1946 1655 1976; x_wconf 86' lang='lat' dir='ltr'><strong>nostroru</strong></span> <span class='ocrx_word' id='word_1_295' title='bbox 1681 1952 1755 1975; x_wconf 88' lang='lat' dir='ltr'><strong>eam</strong></span> <span class='ocrx_word' id='word_1_296' title='bbox 1781 1952 1936 1987; x_wconf 78' lang='lat' dir='ltr'><strong>poenam.</strong></span> 
     </span>
     <span class='ocr_line' id='line_1_26' title="bbox 437 1996 2026 2042; baseline -0.002 -8"><span class='ocrx_word' id='word_1_297' title='bbox 437 1999 605 2041; x_wconf 75' lang='lat' dir='ltr'><strong>collegiis</strong></span> <span class='ocrx_word' id='word_1_298' title='bbox 637 1999 866 2032; x_wconf 69' lang='lat' dir='ltr'><strong>destinantur</strong></span> <span class='ocrx_word' id='word_1_299' title='bbox 890 2009 1029 2042; x_wconf 80' lang='lat' dir='ltr'><strong>poenae</strong></span> <span class='ocrx_word' id='word_1_300' title='bbox 1059 2000 1218 2042; x_wconf 74' lang='lat' dir='ltr'><strong>sepulcri</strong></span> <span class='ocrx_word' id='word_1_301' title='bbox 1248 2000 1446 2032; x_wconf 73' lang='lat' dir='ltr'><strong>abalienati</strong></span> <span class='ocrx_word' id='word_1_302' title='bbox 1477 1998 1532 2031; x_wconf 82' lang='lat' dir='ltr'><strong>vel</strong></span> <span class='ocrx_word' id='word_1_303' title='bbox 1561 1999 1689 2031; x_wconf 75' lang='lat' dir='ltr'><strong>violati</strong></span> <span class='ocrx_word' id='word_1_304' title='bbox 1717 2009 1828 2041; x_wconf 72' lang='lat' dir='ltr'><strong>supra</strong></span> <span class='ocrx_word' id='word_1_305' title='bbox 1860 1996 1905 2031; x_wconf 90' lang='grc' dir='ltr'><strong>Ν.</strong></span> <span class='ocrx_word' id='word_1_306' title='bbox 1929 1996 2026 2031; x_wconf 76' lang='grc'><strong><em>4798.</em></strong></span> 
     </span>
     <span class='ocr_line' id='line_1_27' title="bbox 316 2057 629 2095; baseline -0.003 -4"><span class='ocrx_word' id='word_1_307' title='bbox 316 2057 417 2091; x_wconf 86' lang='grc'><strong><em>7236.</em></strong></span> <span class='ocrx_word' id='word_1_308' title='bbox 440 2057 539 2095; x_wconf 87' lang='grc'><strong><em>7296,</em></strong></span> <span class='ocrx_word' id='word_1_309' title='bbox 565 2058 629 2090; x_wconf 76' lang='lat' dir='ltr'><strong>cet.</strong></span> 
     </span>
    </p>
   </div>
   <div class='ocr_carea' id='block_1_11' title="bbox 658 2115 1184 2121">
    <p class='ocr_par' dir='ltr' id='par_1_12' title="bbox 658 2115 1184 2121">
     <span class='ocr_line' id='line_1_28' title="bbox 658 2115 1184 2121; baseline 0 0"><span class='ocrx_word' id='word_1_310' title='bbox 658 2115 1184 2121; x_wconf 95' lang='lat' dir='ltr'><strong> </strong></span> 
     </span>
    </p>
   </div>
   <div class='ocr_carea' id='block_1_12' title="bbox 316 2147 2028 2341">
    <p class='ocr_par' dir='ltr' id='par_1_13' title="bbox 316 2147 2028 2341">
     <span class='ocr_line' id='line_1_29' title="bbox 432 2147 2028 2204; baseline 0 -16"><span class='ocrx_word' id='word_1_311' title='bbox 432 2147 548 2195; x_wconf 78' lang='lat'>8213</span> <span class='ocrx_word' id='word_1_312' title='bbox 607 2150 643 2188; x_wconf 89' lang='lat' dir='ltr'><strong>d.</strong></span> <span class='ocrx_word' id='word_1_313' title='bbox 676 2161 727 2189; x_wconf 89' lang='lat' dir='ltr'><strong>m.</strong></span> <span class='ocrx_word' id='word_1_314' title='bbox 761 2147 767 2204; x_wconf 96' lang='grc' dir='ltr'>Ι</span> <span class='ocrx_word' id='word_1_315' title='bbox 802 2148 850 2196; x_wconf 89' lang='lat' dir='ltr'><strong>Q.</strong></span> <span class='ocrx_word' id='word_1_316' title='bbox 881 2149 1084 2189; x_wconf 88' lang='lat' dir='ltr'><strong>Remmius</strong></span> <span class='ocrx_word' id='word_1_317' title='bbox 1119 2147 1124 2203; x_wconf 96' lang='grc' dir='ltr'>Ι</span> <span class='ocrx_word' id='word_1_318' title='bbox 1161 2149 1364 2191; x_wconf 83' lang='lat' dir='ltr'><strong>Ianuarius</strong></span> <span class='ocrx_word' id='word_1_319' title='bbox 1396 2152 1421 2190; x_wconf 83' lang='lat' dir='ltr'><strong>f.</strong></span> <span class='ocrx_word' id='word_1_320' title='bbox 1456 2148 1462 2204; x_wconf 95' lang='grc' dir='ltr'>Ι</span> <span class='ocrx_word' id='word_1_321' title='bbox 1499 2150 1573 2190; x_wconf 90' lang='lat' dir='ltr'><strong>sibi</strong></span> <span class='ocrx_word' id='word_1_322' title='bbox 1605 2156 1644 2189; x_wconf 87' lang='lat' dir='ltr'><strong>et</strong></span> <span class='ocrx_word' id='word_1_323' title='bbox 1674 2148 1911 2201; x_wconf 71' lang='lat' dir='ltr'><strong>Memmiae!</strong></span> <span class='ocrx_word' id='word_1_324' title='bbox 1937 2148 2028 2189; x_wconf 86' lang='lat' dir='ltr'><strong>Zele</strong></span> 
     </span>
     <span class='ocr_line' id='line_1_30' title="bbox 316 2213 2028 2272; baseline -0.001 -14"><span class='ocrx_word' id='word_1_325' title='bbox 316 2219 430 2259; x_wconf 89' lang='lat' dir='ltr'><strong>uxori</strong></span> <span class='ocrx_word' id='word_1_326' title='bbox 462 2218 557 2266; x_wconf 67' lang='lat' dir='ltr'><strong>kar„</strong></span> <span class='ocrx_word' id='word_1_327' title='bbox 586 2217 591 2271; x_wconf 96' lang='grc' dir='ltr'>Ι</span> <span class='ocrx_word' id='word_1_328' title='bbox 618 2230 709 2258; x_wconf 90' lang='lat' dir='ltr'><strong>cum</strong></span> <span class='ocrx_word' id='word_1_329' title='bbox 740 2230 817 2270; x_wconf 86' lang='lat' dir='ltr'><strong>qua</strong></span> <span class='ocrx_word' id='word_1_330' title='bbox 849 2218 921 2257; x_wconf 82' lang='lat' dir='ltr'><strong>vixi</strong></span> <span class='ocrx_word' id='word_1_331' title='bbox 949 2218 956 2267; x_wconf 93' lang='grc' dir='ltr'>Ι</span> <span class='ocrx_word' id='word_1_332' title='bbox 982 2230 1016 2257; x_wconf 84' lang='lat' dir='ltr'><strong>a.</strong></span> <span class='ocrx_word' id='word_1_333' title='bbox 1039 2216 1193 2257; x_wconf 91' lang='lat' dir='ltr'><strong>XXXll.</strong></span> <span class='ocrx_word' id='word_1_334' title='bbox 1244 2218 1300 2258; x_wconf 90' lang='lat' dir='ltr'><strong>Te</strong></span> <span class='ocrx_word' id='word_1_335' title='bbox 1330 2231 1439 2271; x_wconf 83' lang='lat' dir='ltr'><strong>rogo,</strong></span> <span class='ocrx_word' id='word_1_336' title='bbox 1469 2218 1474 2272; x_wconf 96' lang='grc' dir='ltr'>Ι</span> <span class='ocrx_word' id='word_1_337' title='bbox 1500 2219 1554 2258; x_wconf 88' lang='lat' dir='ltr'><strong>fili</strong></span> <span class='ocrx_word' id='word_1_338' title='bbox 1579 2218 1797 2264; x_wconf 87' lang='lat' dir='ltr'><strong>karissime,</strong></span> <span class='ocrx_word' id='word_1_339' title='bbox 1825 2213 1831 2270; x_wconf 95' lang='grc' dir='ltr'>Ι</span> <span class='ocrx_word' id='word_1_340' title='bbox 1858 2229 1908 2257; x_wconf 86' lang='lat' dir='ltr'><strong>ne</strong></span> <span class='ocrx_word' id='word_1_341' title='bbox 1938 2217 2028 2269; x_wconf 86' lang='lat' dir='ltr'><strong>quis</strong></span> 
     </span>
     <span class='ocr_line' id='line_1_31' title="bbox 318 2280 2022 2341; baseline 0 -16"><span class='ocrx_word' id='word_1_342' title='bbox 318 2287 405 2327; x_wconf 90' lang='lat' dir='ltr'><strong>velit</strong></span> <span class='ocrx_word' id='word_1_343' title='bbox 431 2286 437 2335; x_wconf 94' lang='grc' dir='ltr'>Ι</span> <span class='ocrx_word' id='word_1_344' title='bbox 465 2287 631 2338; x_wconf 85' lang='lat' dir='ltr'><strong>amplius</strong></span> <span class='ocrx_word' id='word_1_345' title='bbox 651 2292 742 2338; x_wconf 87' lang='lat' dir='ltr'><strong>post</strong></span> <span class='ocrx_word' id='word_1_346' title='bbox 767 2283 773 2340; x_wconf 97' lang='grc' dir='ltr'>Ι</span> <span class='ocrx_word' id='word_1_347' title='bbox 799 2298 862 2326; x_wconf 88' lang='lat' dir='ltr'><strong>me</strong></span> <span class='ocrx_word' id='word_1_348' title='bbox 886 2286 925 2325; x_wconf 91' lang='lat' dir='ltr'><strong>in</strong></span> <span class='ocrx_word' id='word_1_349' title='bbox 948 2286 1025 2326; x_wconf 92' lang='lat' dir='ltr'><strong>hoc</strong></span> <span class='ocrx_word' id='word_1_350' title='bbox 1046 2283 1211 2341; x_wconf 70' lang='lat' dir='ltr'><strong>tumullo</strong></span> <span class='ocrx_word' id='word_1_351' title='bbox 1232 2287 1328 2327; x_wconf 86' lang='lat' dir='ltr'><strong>aliut</strong></span> <span class='ocrx_word' id='word_1_352' title='bbox 1347 2287 1509 2327; x_wconf 78' lang='lat' dir='ltr'><strong>inferre.</strong></span> <span class='ocrx_word' id='word_1_353' title='bbox 1538 2284 1544 2341; x_wconf 95' lang='grc' dir='ltr'>Ι</span> <span class='ocrx_word' id='word_1_354' title='bbox 1572 2287 1621 2326; x_wconf 87' lang='lat' dir='ltr'><strong>Et</strong></span> <span class='ocrx_word' id='word_1_355' title='bbox 1642 2299 1722 2337; x_wconf 87' lang='lat' dir='ltr'><strong>vos,</strong></span> <span class='ocrx_word' id='word_1_356' title='bbox 1744 2285 1811 2326; x_wconf 90' lang='lat' dir='ltr'><strong>lib.</strong></span> <span class='ocrx_word' id='word_1_357' title='bbox 1834 2280 2022 2338; x_wconf 83' lang='lat' dir='ltr'><strong>lib.que‚}</strong></span> 
     </span>
    </p>
   </div>
   <div class='ocr_carea' id='block_1_13' title="bbox 316 2354 1528 2466">
    <p class='ocr_par' dir='ltr' id='par_1_14' title="bbox 316 2354 1528 2466">
     <span class='ocr_line' id='line_1_32' title="bbox 316 2354 624 2406; baseline -0.003 -12"><span class='ocrx_word' id='word_1_358' title='bbox 316 2354 433 2395; x_wconf 90' lang='lat' dir='ltr'><strong>iubeo</strong></span> <span class='ocrx_word' id='word_1_359' title='bbox 465 2354 624 2406; x_wconf 84' lang='lat' dir='ltr'><strong>praest.¹</strong></span> 
     </span>
     <span class='ocr_line' id='line_1_33' title="bbox 427 2419 1528 2466; baseline -0.002 -12"><span class='ocrx_word' id='word_1_360' title='bbox 427 2419 559 2454; x_wconf 76' lang='lat' dir='ltr'><strong>Romae</strong></span> <span class='ocrx_word' id='word_1_361' title='bbox 584 2420 655 2459; x_wconf 90' lang='lat' dir='ltr'><strong>(VI</strong></span> <span class='ocrx_word' id='word_1_362' title='bbox 675 2420 793 2454; x_wconf 78' lang='lat'><strong><em>25593</em></strong></span> <span class='ocrx_word' id='word_1_363' title='bbox 818 2419 909 2452; x_wconf 70' lang='lat' dir='ltr'><strong>vidit</strong></span> <span class='ocrx_word' id='word_1_364' title='bbox 932 2420 975 2452; x_wconf 83' lang='lat' dir='ltr'><strong>de</strong></span> <span class='ocrx_word' id='word_1_365' title='bbox 991 2420 1119 2466; x_wconf 68' lang='lat' dir='ltr'><strong>now).</strong></span> <span class='ocrx_word' id='word_1_366' title='bbox 1143 2440 1188 2446; x_wconf 96' lang='lat'>—</span> <span class='ocrx_word' id='word_1_367' title='bbox 1214 2424 1247 2463; x_wconf 83' lang='lat'><strong>1)</strong></span> <span class='ocrx_word' id='word_1_368' title='bbox 1273 2422 1463 2455; x_wconf 70' lang='lat' dir='ltr'><strong>Pramum</strong></span> <span class='ocrx_word' id='word_1_369' title='bbox 1475 2421 1528 2462; x_wconf 63' lang='grc' dir='ltr'>(Ὺ).</span> 
     </span>
    </p>
   </div>
   <div class='ocr_carea' id='block_1_14' title="bbox 315 2509 2025 2853">
    <p class='ocr_par' dir='ltr' id='par_1_15' title="bbox 315 2509 2023 2622">
     <span class='ocr_line' id='line_1_34' title="bbox 428 2509 2023 2568; baseline 0.001 -17"><span class='ocrx_word' id='word_1_370' title='bbox 428 2510 542 2557; x_wconf 76' lang='grc'><strong>8214</strong></span> <span class='ocrx_word' id='word_1_371' title='bbox 601 2518 687 2552; x_wconf 89' lang='lat' dir='ltr'><strong>veto</strong></span> <span class='ocrx_word' id='word_1_372' title='bbox 715 2510 720 2565; x_wconf 96' lang='grc' dir='ltr'>Ι</span> <span class='ocrx_word' id='word_1_373' title='bbox 748 2512 952 2563; x_wconf 77' lang='lat' dir='ltr'><strong>reliquias!</strong></span> <span class='ocrx_word' id='word_1_374' title='bbox 985 2536 1039 2542; x_wconf 87' lang='lat'>—</span> <span class='ocrx_word' id='word_1_375' title='bbox 1066 2511 1072 2567; x_wconf 97' lang='grc' dir='ltr'>Ι</span> <span class='ocrx_word' id='word_1_376' title='bbox 1101 2514 1142 2553; x_wconf 85' lang='grc' dir='ltr'><strong>Ρ.</strong></span> <span class='ocrx_word' id='word_1_377' title='bbox 1175 2513 1371 2554; x_wconf 86' lang='lat' dir='ltr'><strong>Veronius</strong></span> <span class='ocrx_word' id='word_1_378' title='bbox 1401 2512 1408 2568; x_wconf 94' lang='grc' dir='ltr'>Ι</span> <span class='ocrx_word' id='word_1_379' title='bbox 1445 2512 1626 2553; x_wconf 84' lang='lat' dir='ltr'><strong>Callistus</strong></span> <span class='ocrx_word' id='word_1_380' title='bbox 1659 2509 1666 2567; x_wconf 97' lang='grc' dir='ltr'>Ι</span> <span class='ocrx_word' id='word_1_381' title='bbox 1700 2512 1819 2552; x_wconf 88' lang='lat' dir='ltr'><strong>homo</strong></span> <span class='ocrx_word' id='word_1_382' title='bbox 1849 2512 1986 2565; x_wconf 87' lang='lat' dir='ltr'><strong>optim.</strong></span> <span class='ocrx_word' id='word_1_383' title='bbox 2013 2509 2023 2567; x_wconf 93' lang='grc' dir='ltr'>Ι</span> 
     </span>
     <span class='ocr_line' id='line_1_35' title="bbox 315 2582 526 2622; baseline -0.009 0"><span class='ocrx_word' id='word_1_384' title='bbox 315 2582 379 2622; x_wconf 91' lang='lat' dir='ltr'><strong>hic</strong></span> <span class='ocrx_word' id='word_1_385' title='bbox 415 2582 526 2622; x_wconf 85' lang='lat' dir='ltr'><strong>iacet.</strong></span> 
     </span>
    </p>

    <p class='ocr_par' dir='ltr' id='par_1_16' title="bbox 431 2646 1145 2691">
     <span class='ocr_line' id='line_1_36' title="bbox 431 2646 1145 2691; baseline -0.001 -10"><span class='ocrx_word' id='word_1_386' title='bbox 431 2648 596 2682; x_wconf 74' lang='lat' dir='ltr'><strong>Veronae</strong></span> <span class='ocrx_word' id='word_1_387' title='bbox 620 2646 675 2687; x_wconf 91' lang='lat' dir='ltr'><strong>(V</strong></span> <span class='ocrx_word' id='word_1_388' title='bbox 692 2647 786 2681; x_wconf 81' lang='grc'><strong><em>3830</em></strong></span> <span class='ocrx_word' id='word_1_389' title='bbox 808 2646 903 2679; x_wconf 74' lang='lat' dir='ltr'><em>vidie</em></span> <span class='ocrx_word' id='word_1_390' title='bbox 926 2646 1145 2691; x_wconf 74' lang='lat' dir='ltr'><strong>Mommsen).</strong></span> 
     </span>
    </p>

    <p class='ocr_par' dir='ltr' id='par_1_17' title="bbox 315 2726 2025 2853">
     <span class='ocr_line' id='line_1_37' title="bbox 429 2726 2025 2784; baseline 0 -14"><span class='ocrx_word' id='word_1_391' title='bbox 429 2726 545 2773; x_wconf 82' lang='lat'>8215</span> <span class='ocrx_word' id='word_1_392' title='bbox 603 2729 640 2768; x_wconf 87' lang='lat' dir='ltr'><strong>d.</strong></span> <span class='ocrx_word' id='word_1_393' title='bbox 673 2741 724 2768; x_wconf 90' lang='lat' dir='ltr'><strong>m.</strong></span> <span class='ocrx_word' id='word_1_394' title='bbox 760 2728 805 2768; x_wconf 80' lang='lat' dir='ltr'><strong>A.</strong></span> <span class='ocrx_word' id='word_1_395' title='bbox 836 2727 999 2768; x_wconf 85' lang='lat' dir='ltr'><strong>Larcius</strong></span> <span class='ocrx_word' id='word_1_396' title='bbox 1024 2726 1030 2782; x_wconf 91' lang='grc' dir='ltr'>Ι</span> <span class='ocrx_word' id='word_1_397' title='bbox 1057 2728 1224 2768; x_wconf 80' lang='lat' dir='ltr'><strong>Adiutor</strong></span> <span class='ocrx_word' id='word_1_398' title='bbox 1253 2729 1346 2768; x_wconf 78' lang='lat' dir='ltr'><strong>fecit</strong></span> <span class='ocrx_word' id='word_1_399' title='bbox 1372 2726 1378 2783; x_wconf 96' lang='grc' dir='ltr'>Ι</span> <span class='ocrx_word' id='word_1_400' title='bbox 1405 2737 1708 2769; x_wconf 89' lang='lat' dir='ltr'><strong>monumentum</strong></span> <span class='ocrx_word' id='word_1_401' title='bbox 1736 2726 1743 2784; x_wconf 95' lang='grc' dir='ltr'>Ι</span> <span class='ocrx_word' id='word_1_402' title='bbox 1769 2728 1844 2770; x_wconf 90' lang='lat' dir='ltr'><strong>sibi</strong></span> <span class='ocrx_word' id='word_1_403' title='bbox 1874 2734 1914 2771; x_wconf 83' lang='lat' dir='ltr'><strong>et</strong></span> <span class='ocrx_word' id='word_1_404' title='bbox 1941 2729 2025 2770; x_wconf 82' lang='lat' dir='ltr'><strong>suis</strong></span> 
     </span>
     <span class='ocr_line' id='line_1_38' title="bbox 315 2793 2021 2853; baseline -0.001 -15"><span class='ocrx_word' id='word_1_405' title='bbox 315 2796 478 2853; x_wconf 79' lang='lat' dir='ltr'><strong>libelrtis</strong></span> <span class='ocrx_word' id='word_1_406' title='bbox 510 2796 816 2850; x_wconf 72' lang='lat' dir='ltr'><strong>libertabuslque</strong></span> <span class='ocrx_word' id='word_1_407' title='bbox 847 2796 1094 2850; x_wconf 86' lang='lat' dir='ltr'><strong>posterisque</strong></span> <span class='ocrx_word' id='word_1_408' title='bbox 1121 2794 1126 2849; x_wconf 92' lang='grc' dir='ltr'>Ι</span> <span class='ocrx_word' id='word_1_409' title='bbox 1153 2809 1305 2839; x_wconf 87' lang='lat' dir='ltr'><strong>eorum.</strong></span> <span class='ocrx_word' id='word_1_410' title='bbox 1364 2796 1450 2837; x_wconf 88' lang='lat' dir='ltr'><strong>Hoc</strong></span> <span class='ocrx_word' id='word_1_411' title='bbox 1480 2797 1545 2836; x_wconf 86' lang='lat' dir='ltr'><strong>m.¹</strong></span> <span class='ocrx_word' id='word_1_412' title='bbox 1573 2794 1580 2846; x_wconf 92' lang='grc' dir='ltr'>Ι</span> <span class='ocrx_word' id='word_1_413' title='bbox 1605 2803 1693 2837; x_wconf 85' lang='lat' dir='ltr'><strong>veto</strong></span> <span class='ocrx_word' id='word_1_414' title='bbox 1723 2797 1861 2846; x_wconf 75' lang='lat' dir='ltr'><strong>veniri,</strong></span> <span class='ocrx_word' id='word_1_415' title='bbox 1898 2802 1984 2838; x_wconf 83' lang='lat' dir='ltr'><strong>veto</strong></span> <span class='ocrx_word' id='word_1_416' title='bbox 2012 2793 2021 2852; x_wconf 98' lang='grc' dir='ltr'>Ι</span> 
     </span>
    </p>
   </div>
   <div class='ocr_carea' id='block_1_15' title="bbox 315 2866 1538 2976">
    <p class='ocr_par' dir='ltr' id='par_1_18' title="bbox 315 2866 1538 2976">
     <span class='ocr_line' id='line_1_39' title="bbox 315 2866 465 2906; baseline -0.007 0"><span class='ocrx_word' id='word_1_417' title='bbox 315 2866 465 2906; x_wconf 89' lang='lat' dir='ltr'><strong>donari.</strong></span> 
     </span>
     <span class='ocr_line' id='line_1_40' title="bbox 430 2930 1538 2976; baseline 0.001 -11"><span class='ocrx_word' id='word_1_418' title='bbox 430 2931 561 2965; x_wconf 69' lang='lat' dir='ltr'><strong>Romae</strong></span> <span class='ocrx_word' id='word_1_419' title='bbox 586 2930 654 2975; x_wconf 89' lang='lat' dir='ltr'><strong>(VI</strong></span> <span class='ocrx_word' id='word_1_420' title='bbox 675 2931 785 2965; x_wconf 74' lang='lat'><strong><em>21096</em></strong></span> <span class='ocrx_word' id='word_1_421' title='bbox 809 2932 901 2964; x_wconf 78' lang='lat' dir='ltr'><strong>vidit</strong></span> <span class='ocrx_word' id='word_1_422' title='bbox 924 2931 967 2965; x_wconf 78' lang='lat' dir='ltr'><strong>do</strong></span> <span class='ocrx_word' id='word_1_423' title='bbox 982 2930 1108 2976; x_wconf 74' lang='lat' dir='ltr'><strong>Boni).</strong></span> <span class='ocrx_word' id='word_1_424' title='bbox 1133 2951 1178 2957; x_wconf 91' lang='lat'><strong>—</strong></span> <span class='ocrx_word' id='word_1_425' title='bbox 1206 2933 1237 2972; x_wconf 86' lang='lat'><strong>1)</strong></span> <span class='ocrx_word' id='word_1_426' title='bbox 1262 2931 1538 2966; x_wconf 74' lang='lat' dir='ltr'><strong>Monumentum.</strong></span> 
     </span>
    </p>
   </div>
   <div class='ocr_carea' id='block_1_16' title="bbox 315 3022 2022 3148">
    <p class='ocr_par' dir='ltr' id='par_1_19' title="bbox 315 3022 2022 3148">
     <span class='ocr_line' id='line_1_41' title="bbox 429 3022 2020 3079; baseline -0.001 -15"><span class='ocrx_word' id='word_1_427' title='bbox 429 3022 544 3069; x_wconf 81' lang='grc'><strong>8216</strong></span> <span class='ocrx_word' id='word_1_428' title='bbox 602 3025 640 3064; x_wconf 92' lang='lat' dir='ltr'><strong>d.</strong></span> <span class='ocrx_word' id='word_1_429' title='bbox 672 3036 722 3063; x_wconf 88' lang='lat' dir='ltr'><strong>m.</strong></span> <span class='ocrx_word' id='word_1_430' title='bbox 759 3022 765 3078; x_wconf 99' lang='grc' dir='ltr'>Ι</span> <span class='ocrx_word' id='word_1_431' title='bbox 799 3025 985 3065; x_wconf 86' lang='lat' dir='ltr'><strong>Serviliae</strong></span> <span class='ocrx_word' id='word_1_432' title='bbox 1018 3025 1147 3065; x_wconf 86' lang='lat' dir='ltr'><strong>Pollae</strong></span> <span class='ocrx_word' id='word_1_433' title='bbox 1178 3026 1218 3073; x_wconf 60' lang='lat' dir='ltr'><strong>lt,</strong></span> <span class='ocrx_word' id='word_1_434' title='bbox 1261 3023 1266 3078; x_wconf 94' lang='grc' dir='ltr'>Ι</span> <span class='ocrx_word' id='word_1_435' title='bbox 1308 3037 1408 3077; x_wconf 91' lang='lat' dir='ltr'><strong>quae</strong></span> <span class='ocrx_word' id='word_1_436' title='bbox 1439 3026 1533 3065; x_wconf 89' lang='lat' dir='ltr'><strong>vixit</strong></span> <span class='ocrx_word' id='word_1_437' title='bbox 1561 3038 1656 3065; x_wconf 86' lang='lat' dir='ltr'><strong>ann.</strong></span> <span class='ocrx_word' id='word_1_438' title='bbox 1687 3023 1756 3065; x_wconf 85' lang='lat' dir='ltr'><strong>Xll</strong></span> <span class='ocrx_word' id='word_1_439' title='bbox 1796 3024 1833 3065; x_wconf 89' lang='lat' dir='ltr'><strong>d.</strong></span> <span class='ocrx_word' id='word_1_440' title='bbox 1864 3023 1986 3071; x_wconf 82' lang='lat' dir='ltr'><strong>xvlt,</strong></span> <span class='ocrx_word' id='word_1_441' title='bbox 2013 3023 2020 3079; x_wconf 92' lang='grc' dir='ltr'>Ι</span> 
     </span>
     <span class='ocr_line' id='line_1_42' title="bbox 315 3091 2022 3148; baseline -0.002 -14"><span class='ocrx_word' id='word_1_442' title='bbox 315 3094 407 3134; x_wconf 83' lang='lat' dir='ltr'><strong>fecit</strong></span> <span class='ocrx_word' id='word_1_443' title='bbox 431 3091 438 3148; x_wconf 93' lang='grc' dir='ltr'>Ι</span> <span class='ocrx_word' id='word_1_444' title='bbox 466 3092 508 3135; x_wconf 89' lang='lat' dir='ltr'><strong>L.</strong></span> <span class='ocrx_word' id='word_1_445' title='bbox 542 3092 730 3132; x_wconf 85' lang='lat' dir='ltr'><strong>Servilius</strong></span> <span class='ocrx_word' id='word_1_446' title='bbox 761 3093 1002 3146; x_wconf 84' lang='lat' dir='ltr'><strong>Agathyrsus</strong></span> <span class='ocrx_word' id='word_1_447' title='bbox 1026 3092 1033 3148; x_wconf 90' lang='grc' dir='ltr'>Ι</span> <span class='ocrx_word' id='word_1_448' title='bbox 1060 3099 1185 3146; x_wconf 80' lang='lat' dir='ltr'><strong>pater,</strong></span> <span class='ocrx_word' id='word_1_449' title='bbox 1225 3100 1265 3133; x_wconf 84' lang='lat' dir='ltr'><strong>et</strong></span> <span class='ocrx_word' id='word_1_450' title='bbox 1293 3094 1367 3134; x_wconf 89' lang='lat' dir='ltr'><strong>sibi</strong></span> <span class='ocrx_word' id='word_1_451' title='bbox 1399 3101 1438 3134; x_wconf 90' lang='lat' dir='ltr'><strong>et</strong></span> <span class='ocrx_word' id='word_1_452' title='bbox 1468 3093 1641 3146; x_wconf 84' lang='lat' dir='ltr'><strong>Popiliae</strong></span> <span class='ocrx_word' id='word_1_453' title='bbox 1668 3091 1675 3147; x_wconf 95' lang='grc' dir='ltr'>Ι</span> <span class='ocrx_word' id='word_1_454' title='bbox 1702 3092 1894 3134; x_wconf 79' lang='lat' dir='ltr'><strong>Berenice</strong></span> <span class='ocrx_word' id='word_1_455' title='bbox 1925 3103 2022 3132; x_wconf 84' lang='lat' dir='ltr'><strong>con-</strong></span> 
     </span>
    </p>
   </div>
  </div>
 </body>
</html>
