2196 3412
334 168 418 207 910
1066 169 1186 216 caput
1207 169 1326 206 xv11.

450 282 565 329 8339
616 315 764 325 ......
795 280 1022 341 [mortuum]
1052 281 1058 339 Ι
1085 284 1280 324 inferendi
1310 284 1351 325 in
1384 297 1429 325 ea
1460 297 1549 326 area
1580 285 1767 327 humand.
1792 284 1799 341 Ι
1825 285 2047 340 sepeliundi

335 354 398 392 ius
428 358 642 405 potestasq.
669 359 764 401 esto,
793 352 798 405 Ι
825 359 864 392 et
895 352 987 392 huic
1017 363 1144 401 areae,
1176 364 1293 404 quam
1324 364 1400 404 ego
1430 353 1565 394 delinii
1591 351 1598 408 Ι
1633 361 1672 394 et
1700 366 1720 393 a
1753 355 1886 395 fronte
1914 365 2046 395 macc-

336 420 414 460 rias
443 420 532 459 duxi
564 427 603 459 et
632 420 732 460 titul.
769 418 775 474 Ι
816 419 945 472 posui,
976 420 1079 460 ultra
1121 431 1204 460 eam
1236 432 1367 460 aream
1398 426 1437 460 et
1476 418 1482 475 Ι
1522 422 1731 462 maceriam
1771 423 1811 462 in
1843 423 1976 462 fronte
2003 421 2045 462 in

336 499 431 539 agro
465 489 471 538 Ι
506 500 640 528 versus
671 488 746 527 late
776 488 865 540 ped.
896 486 931 527 X
966 493 1074 528 retro
1105 500 1231 541 usque
1262 489 1310 529 ad
1342 486 1348 544 Ι
1382 488 1614 530 canabetum
1653 490 1746 530 huic
1774 502 1889 531 areae
1918 488 2046 539 cedet,

336 555 376 594 in
405 552 411 609 Ι
438 567 513 606 qua
544 556 732 607 pedatura
766 568 895 608 neque
925 556 1079 597 humari
1111 569 1202 609 neq.
1229 555 1236 612 Ι
1262 556 1457 597 tumulum
1489 557 1573 598 fieri
1599 557 1702 606 volo,
1732 563 1777 598 ut
1803 556 1944 598 habeat
1968 554 1976 611 Ι
2001 568 2046 598 ea

338 634 426 661 area
458 629 496 662 et
526 635 545 662 a
578 624 698 664 latere
729 636 932 665 accessum
961 623 968 679 Ι
993 637 1122 666 suum.

449 690 562 733 Propo
586 691 747 724 Paduam
771 702 844 734 rep.
870 691 926 730 (V
935 691 1027 725 3072
1049 691 1221 735 pleraque
1245 691 1337 724 vidit
1361 691 1582 736 Mommsen).

447 793 563 840 8340
612 796 652 836 C.
676 797 842 837 Aemilio
869 796 874 851 Ι
903 794 1115 854 lnge[n]u0
1144 796 1148 851 Ι
1175 798 1257 840 aed.
1289 803 1327 837 et
1357 793 1417 853 [11
1423 795 1527 854 vir]0
1553 795 1560 853 Ι
1587 798 1661 838 iur.
1692 796 1781 851 d[ic.
1807 793 1859 853 e]t
1884 796 1891 851 Ι
1917 796 2047 837 Aemi-

337 859 441 919 l[iae]
469 863 474 917 Ι
502 861 764 921 ΗὶρροιγιΙαε]
797 866 911 906 matri
943 875 1044 919 (tn-nc
1067 876 1170 909 minc
1193 875 1339 918 fasces).
1388 875 1448 919 (ln
1472 875 1586 909 latero
1609 879 1652 908 ue
1676 875 1836 919 videtur)
1868 863 2049 906 Vestssm-

335 930 417 970 lum
447 938 487 972 et
522 931 529 983 Ι
568 932 738 974 ambitus
776 933 782 988 Ι
823 935 1072 975 monumenti
1104 947 1124 974 a
1160 932 1167 989 Ι
1201 933 1343 974 bathro
1375 934 1532 974 clatror.
1568 932 1575 988 Ι
1607 935 1711 974 intra
1741 933 1903 974 loricam
1934 932 2050 986 qulae

337 1005 490 1051 spectat
519 1001 558 1040 in
593 1001 729 1041 merid.
757 1000 762 1056 Ι
796 1002 844 1041 ad
874 1003 973 1043 viam
1005 1003 1198 1043 munitam
1234 1000 1240 1056 Ι
1275 1003 1384 1055 long.
1416 1015 1455 1055 p.
1485 1001 1628 1042 XXXII
1658 1003 1724 1042 lat.
1756 1014 1794 1054 p.
1826 997 1924 1056 ΙΝΙ
1957 1006 1998 1042 et.
2025 1013 2049 1041 a

338 1066 479 1107 bathro
506 1068 662 1109 clatror.
691 1071 698 1120 Ι
724 1082 743 1109 a
766 1076 877 1122 parte
899 1072 1003 1111 dext.
1024 1076 1063 1111 et
1082 1071 1208 1111 sinist.
1234 1069 1241 1126 Ι
1265 1078 1304 1110 et
1333 1083 1355 1111 a
1386 1071 1503 1124 post.¹
1535 1070 1713 1110 omnium
1739 1070 1746 1123 Ι
1771 1069 1952 1123 angulor.
1974 1068 2049 1110 1111

336 1134 401 1174 lat.
427 1148 467 1188 p.
495 1134 500 1190 Ι
527 1137 673 1188 quinos
703 1139 840 1179 denos.
883 1149 1034 1192 (Eadem
1058 1151 1097 1182 in
1121 1149 1236 1183 altero
1262 1149 1373 1182 tatere
1395 1148 1458 1181 sed
1480 1149 1639 1182 versibus
1662 1148 1769 1181 aliter·
1792 1147 2024 1191 distributis.)

453 1202 598 1236 Salonis
622 1204 695 1248 (ΙΙΙ
715 1205 806 1239 2072
830 1205 923 1238 vidit
949 1205 1170 1250 Mommsen).
1195 1223 1240 1230 -
1266 1206 1299 1248 1)
1323 1206 1474 1240 Poseico.

449 1304 561 1351 8341
622 1308 664 1349 C.
687 1308 847 1350 Hostius
877 1310 919 1351 C.
942 1310 965 1352 l.
988 1311 1215 1364 Pamphilus
1240 1311 1247 1365 Ι
1275 1311 1450 1351 medicus
1480 1310 1556 1350 hoc
1586 1314 1890 1350 monumentum
1916 1307 1923 1364 Ι
1955 1309 2050 1350 emit

337 1373 411 1414 sibi
443 1381 482 1414 et
511 1375 671 1429 Nelpiae
702 1377 751 1419 M.
773 1378 797 1417 l.
821 1378 1012 1431 Hymnini
1040 1376 1045 1431 Ι
1080 1384 1120 1418 et
1149 1378 1325 1420 liberteis
1355 1384 1394 1419 et
1424 1378 1640 1418 libertabus
1670 1376 1855 1418 omnibus
1880 1375 1887 1432 Ι
1916 1382 2047 1431 poste-

338 1441 496 1494 reisque
526 1456 675 1485 eorum.
704 1443 709 1499 Ι
824 1446 927 1486 Haec
959 1452 1018 1487 est
1047 1446 1187 1487 domus
1218 1454 1392 1494 aeterna,
1434 1446 1497 1486 hic
1527 1451 1587 1486 est
1612 1443 1618 1500 Ι
1646 1445 1805 1494 fundus,
1841 1445 1927 1486 heis
1955 1452 2051 1487 sunt

338 1509 463 1559 horti,
502 1511 578 1551 hoc
617 1510 624 1566 Ι
665 1518 723 1553 est
754 1520 1059 1555 monumentum
1099 1522 1292 1556 nostrum.
1334 1512 1341 1569 Ι
1382 1515 1426 1554 ln
1458 1514 1589 1554 fronte
1619 1526 1658 1566 p.
1689 1512 1799 1562 XIII,
1838 1513 1880 1554 in
1909 1525 2047 1566 agrum

340 1589 379 1628 p.
410 1577 566 1618 XXIIII.

452 1643 582 1679 Romae
608 1645 644 1690 (l
666 1646 762 1681 4059.
802 1647 854 1681 VI
875 1650 969 1683 9583
992 1649 1086 1683 vidit
1108 1650 1323 1690 Bor-mann).

451 1748 567 1795 8342
615 1764 648 1792 ν.
671 1753 711 1792 s.¹
741 1751 746 1806 Ι
775 1753 818 1796 Τ.
840 1752 995 1794 Vettius
1021 1752 1029 1809 Ι
1055 1754 1100 1794 Τ.
1122 1755 1147 1794 l.
1172 1755 1337 1795 Hermes
1363 1753 1369 1809 Ι
1397 1753 1658 1806 seplasiarius.
1687 1750 1693 1806 Ι
1720 1751 1845 1793 Mater
1863 1753 2016 1806 genuit,
2038 1749 2047 1808 Ι

340 1824 507 1870 materq.
538 1820 811 1872 recepiitaic).
840 1818 846 1873 Ι
874 1820 923 1861 Hi
954 1821 1057 1862 horti
1089 1822 1142 1862 ita
1171 1822 1227 1862 uti
1259 1835 1296 1863 ο.
1328 1822 1397 1862 m.²
1422 1820 1428 1876 Ι
1455 1833 1532 1873 que
1562 1826 1675 1870 sunt,
1705 1819 1908 1861 cineribus
1933 1818 1940 1876 Ι
1965 1833 2050 1862 ser·

340 1885 416 1925 vite
438 1887 546 1928 meis.
596 1887 693 1928 Nam
715 1885 932 1943 culratores
962 1888 1195 1930 substituam
1222 1893 1230 1941 Ι
1257 1890 1313 1930 uti
1338 1895 1549 1930 vescantur
1578 1900 1625 1928 ex
1656 1886 1811 1943 holrum
1843 1889 2049 1929 hortorum

341 1950 482 2008 rediltu
515 1955 642 1994 natale
675 1968 762 1996 meo
793 1963 833 1996 et
863 1970 934 2008 per
960 1956 965 2011 Ι
994 1958 1146 1998 rosam³
1177 1958 1217 1998 in
1249 1963 1456 2011 perpetuo.
1499 1955 1506 2010 Ι
1551 1956 1633 1997 Hos
1662 1956 1799 1996 hortos
1829 1968 1960 2008 neque
1990 1956 2049 1996 di·

341 2018 427 2075 vildi
458 2022 546 2061 volo
578 2036 668 2075 neq.
700 2024 924 2064 abalienari.

458 2088 638 2123 Grazzani
663 2093 757 2123 inter·
782 2092 862 2124 Aeli
886 2094 920 2124 el
947 2092 1070 2126 casales
1100 2091 1158 2137 (V
1171 2092 1256 2126 7434
1281 2091 1329 2132 cf.
1352 2103 1387 2135 p.
1405 2093 1489 2126 4090
1514 2093 1598 2126 Pate
1621 2092 1736 2136 suppl.
1761 2090 1842 2126 Ital.
1864 2091 1930 2126 ⁹⁴⁹
1958 2090 2051 2124 vidie

341 2147 535 2189 ectypum).
559 2165 604 2171 —
631 2148 662 2189 1)
688 2146 742 2187 Cl'.
767 2147 811 2183 N.
828 2149 916 2182 8072
933 2152 1006 2183 not.
1025 2149 1055 2185 Ι.
1079 2168 1124 2174 -
1148 2150 1182 2191 2)
1209 2148 1343 2192 Optimi
1366 2151 1596 2192 maaeimique.
1622 2168 1667 2174 —
1691 2149 1726 2190 3)
1754 2147 1924 2191 Tempore
1945 2157 2050 2181 rotae

340 2202 581 2245 rosaltumque
606 2203 810 2248 (ulamma).
861 2204 913 2245 Cf.
940 2205 1042 2245 infra
1069 2203 1116 2240 N.
1131 2207 1220 2240 8566
1232 2216 1303 2248 seq.

454 2293 568 2339 8343
627 2296 750 2336 Cottia
782 2300 826 2337 A.
859 2297 960 2338 Cotti
997 2299 1022 2338 s.
1054 2298 1159 2338 Galla
1202 2296 1207 2353 Ι
1249 2304 1486 2338 testamento
1526 2297 1611 2337 fieri
1646 2297 1760 2338 iussit
1798 2293 1805 2351 Ι
1844 2296 1891 2336 Α.
1921 2295 2050 2337 Cottio

344 2362 444 2414 patri
466 2375 539 2415 pro
561 2375 639 2404 cos.
667 2364 672 2416 Ι
700 2364 924 2417 Hispaniae,
947 2372 986 2405 et
1008 2366 1186 2406 Pacullae
1208 2369 1335 2414 matri,
1367 2373 1406 2406 et
1431 2364 1438 2419 Ι
1465 2366 1508 2405 Α.
1531 2364 1658 2405 Cottio
1679 2365 1802 2411 fratri,
1834 2363 2050 2415 quaestori,

343 2430 424 2472 aed.
469 2427 476 2483 Ι
516 2430 637 2483 plebi,
678 2439 716 2471 et
747 2432 952 2473 Memmiae
984 2433 1113 2473 Gallae
1145 2435 1262 2474 aviae.
1310 2433 1318 2487 Ι
1363 2434 1463 2474 Huic
1501 2438 1761 2473 monumento
1802 2431 1945 2471 tutelae
1977 2443 2050 2472 no-

344 2498 450 2537 mine
491 2495 497 2552 Ι
538 2499 684 2539 cedunt
714 2501 796 2552 agri
828 2501 916 2553 puri
956 2501 1090 2552 iugera
1121 2502 1256 2542 decem
1294 2508 1334 2541 et
1373 2499 1379 2556 Ι
1420 2500 1582 2540 taberna
1620 2511 1720 2552 quae
1750 2499 1930 2553 proxIme
1959 2510 2051 2540 eum

346 2563 474 2604 locum
506 2572 576 2605 est.

458 2630 588 2665 Romae
611 2633 687 2675 (VI
710 2633 797 2668 1596
821 2633 868 2673 cs.
893 2634 1001 2669 54644
1028 2635 1194 2667 vider-unt
1217 2634 1374 2668 Smelius
1399 2635 1562 2678 aliaque).

456 2733 570 2780 8344
630 2737 685 2777 Fl.
718 2738 762 2777 Τ.
794 2740 820 2777 t'.
852 2738 1010 2779 Phoebe
1043 2739 1122 2779 viva
1152 2739 1246 2779 lecit
1272 2736 1279 2793 Ι
1304 2738 1379 2779 sibi
1409 2738 1543 2779 liberis
1575 2736 1885 2793 libertabuslque
1916 2742 2050 2790 poste-

345 2804 477 2855 risque
507 2816 666 2854 eorum;
713 2805 751 2845 in
789 2803 795 2859 Ι
830 2806 942 2846 cuius
973 2807 1206 2847 monimenti
1238 2806 1397 2847 tutelam
1434 2804 1439 2861 Ι
1475 2807 1581 2847 dedit
1610 2806 1828 2847 aediticium
1867 2801 2050 2861 maceriln

346 2869 496 2910 clusum
536 2883 625 2911 cum
664 2884 758 2925 agro
789 2871 1004 2928 iugerilbus
1042 2875 1197 2915 duobus
1227 2874 1410 2914 dextante
1440 2873 1693 2930 semun'cia’,
1737 2875 1840 2915 sicut
1870 2872 2051 2913 terminis

347 2949 505 2990 quoque
531 2937 537 2991 Ι
565 2939 763 2991 dispositis
793 2941 1022 2992 significat'.

459 3004 644 3037 Praeneste
675 3005 780 3049 (xus
797 3006 888 3041 3340
913 3009 1018 3050 viat).
1043 3027 1087 3034 -
1114 3010 1145 3052 1)
1170 3009 1300 3052 Iugera
1324 3008 1391 3053 2⁷s.
1418 3008 1457 3054 (2
1472 3008 1517 3054 -Ι-
1534 3009 1605 3053 ·Ὓη
1625 3010 1668 3052 -Ι-
1689 3008 1774 3052 ¹12⁴).
1801 3026 1842 3031 ——
1868 3007 1903 3047 ²)
1927 3005 2050 3049 St'en‘·

346 3059 489 3100 ficalur.
513 3079 558 3085 —
583 3062 640 3094 Act
664 3063 757 3096 idem
781 3065 982 3106 sepulcrum
1006 3068 1169 3109 spectant
1192 3065 1292 3098 tituli
1315 3065 1401 3099 XIV
1424 3063 1665 3100 3341—3363.
