2196 3412
614 218 729 256 Tituli
753 218 997 265 collegiorum.
1021 239 1066 247 -
1090 219 1257 258 Tabulae
1273 225 1502 268 patronatus.
1830 223 1913 263 ‘145

205 346 243 376 e.
271 334 325 376 v!
362 332 372 389 Ι
410 333 621 389 plerosque
650 333 877 387 splendidos
915 335 1068 387 equites
1097 335 1298 378 Romanos
1337 334 1344 392 Ι
1384 343 1424 377 et
1452 337 1700 378 concuriales
1737 337 1914 379 eiusdem

205 401 387 451 viatoris,
416 402 484 456 qui
514 414 591 457 nos
613 400 622 457 Ι
646 402 876 454 dignatione
906 415 975 443 sua
1005 410 1044 444 et
1064 404 1203 445 merita
1235 405 1474 458 provocavit.
1500 404 1508 460 Ι
1537 402 1647 462 [C]ui
1677 406 1813 447 offerri
1842 419 1915 460 per

205 465 796 527 NumFFium'Numisialnum’
825 471 942 511 Attio.
973 477 1013 511 et
1042 472 1211 513 maiores
1240 485 1394 513 eorum.

317 547 513 583 maana
533 558 620 593 rep„
651 547 777 582 tabula
801 558 925 591 aenea,
956 558 1053 581 nune
1077 550 1227 583 Parisiis
1251 550 1320 590 (ΙΧ
1340 550 1423 585 4684
1449 549 1499 591 ef.
1523 550 1612 595 epta.
1630 562 1684 595 ep.
1700 553 1734 592 8,
1749 552 1818 587 812
1843 553 1908 587 vid

206 603 403 650 Qun).
424 622 471 629 —
509 605 542 647 1)
564 605 609 638 A.
633 604 712 638 257.
735 622 782 628 -—
806 606 840 647 2)
866 602 919 645 Cf.
942 615 1053 648 eupra
1076 604 1124 639 Ν.
1146 605 1231 640 650¹
1256 610 1331 641 noe.
1346 607 1381 641 2.
1404 625 1451 632 —
1473 608 1508 649 3)
1535 606 1592 647 Cf.
1615 606 1661 643 Ν.
1678 609 1846 644 7303001.
1868 628 1915 634 —

204 661 243 705 Δ)
266 659 455 696 Μαίων
477 661 544 695 Ιιοο
560 660 639 695 loeo
655 671 782 694 nomen
806 663 883 694 eiua
906 663 969 704 qui
985 662 1161 695 honorari
1178 662 1309 697 debuit.
1352 663 1514 697 Ceterum
1536 666 1670 708 panim
1693 666 1812 699 oratio
1836 666 1916 700 hiae

204 719 241 752 ae
255 715 408 758 mlum
424 720 487 753 eat.
502 737 549 743 —
575 720 609 761 5)
632 719 715 752 Post
729 718 900 761 (postea).
922 737 970 744 -—
994 719 1028 758 8)
1051 717 1195 752 nocuus
1218 729 1290 753 nos.
1308 738 1354 744 —
1377 721 1413 762 7)
1436 719 1574 763 Ser-tyni
1587 724 1684 755 eunt.
1708 740 1755 747 —
1778 722 1813 764 8)
1838 722 1915 757 cla-

203 774 387 808 κείω
410 777 540 810 τὶν-ιω.
574 793 621 801 -
656 776 691 817 9)
715 773 907 809 Numisium
932 773 1180 819 Numisialnum
1208 774 1416 817 Villel'osse,
1450 775 1646 811 Numerium
1672 777 1914 813 Numerianum

200 832 354 875 ynam.

316 934 434 984 7220
481 937 526 978 P.
546 937 731 978 Cornelio
761 937 970 977 Saeculare
991 935 1025 976 ΙΙ
1056 942 1097 976 et
1127 935 1242 976 lunio
1268 936 1421 977 Donato
1442 937 1498 977 ll¹
1525 936 1532 991 Ι
1559 950 1641 979 cos.
1673 937 1748 978 kal.
1771 938 1875 988 lulis,
1904 937 1911 995 Ι

203 1005 360 1048 Sontini
390 1018 483 1047 cum
512 1006 552 1046 iu
583 1005 689 1046 scola
719 1017 789 1046 sua
821 1006 981 1057 freques
1012 1016 1203 1045 uumerus
1232 1004 1322 1044 coll.
1353 1005 1452 1045 fabr.
1478 1004 1485 1060 Ι
1520 1006 1785 1047 Sentinatium
1816 1020 1914 1048 con-

203 1075 428 1123 venissent,
473 1086 685 1115 numerum
723 1073 933 1114 abentibus
971 1071 979 1127 Ι
1020 1072 1062 1113 C.
1094 1072 1193 1113 lulio
1224 1072 1400 1113 Martiale
1439 1080 1479 1114 et
1513 1074 1555 1114 C.
1587 1074 1738 1116 Casidio
1769 1075 1914 1116 Rufino

205 1142 290 1196 qq.¹
317 1149 360 1184 et
387 1142 618 1184 referentib.
644 1142 651 1197 Ι
678 1142 797 1196 ipsis:
832 1153 989 1194 semper
1020 1136 1111 1196 [e]t²
1140 1141 1180 1180 in
1204 1142 1462 1194 praeteritum
1483 1142 1534 1182 ita
1554 1142 1915 1196 splendidissimum

204 1225 246 1254 n.
275 1211 334 1253 u.⁴
372 1209 381 1265 Ι
418 1211 600 1252 conisum
631 1223 736 1259 esse,
776 1215 819 1250 ut
847 1208 1069 1250 adlectione
1098 1209 1322 1261 splendoris
1358 1211 1419 1251 sui
1458 1211 1498 1251 in
1530 1211 1707 1263 singulos
1745 1211 1752 1267 Ι
1794 1225 1916 1265 quos-

204 1292 307 1336 que
334 1280 557 1332 condignos
586 1285 785 1319 merentes
813 1277 1032 1326 exibeanv,
1072 1277 1132 1317 vel
1162 1278 1330 1318 maxime
1363 1276 1372 1331 Ι
1413 1279 1454 1319 in
1486 1279 1641 1320 honore
1671 1280 1799 1333 adque
1829 1281 1915 1333 dig-

205 1349 331 1391 nitate
363 1348 570 1389 Hemmiae
605 1347 798 1387 Victoriae
835 1343 1049 1401 quonldam
1086 1345 1264 1387 indoles·
1300 1342 1540 1403 m[e]moriae
1576 1348 1736 1397 semine,
1781 1349 1916 1390 matris

206 1416 363 1459 numeri
384 1416 523 1465 nostri,
549 1414 557 1470 Ι
582 1427 775 1469 proorsus
802 1414 1051 1468 usquaeque⁷
1077 1426 1164 1455 esse
1185 1423 1417 1468 provectum
1451 1429 1595 1457 nomen
1618 1417 1759 1458 domus
1784 1415 1790 1473 Ι
1817 1419 1915 1467 eius,

206 1491 253 1527 ut
279 1497 355 1539 per
376 1486 558 1526 ordinem
587 1484 746 1538 generis
774 1484 836 1524 sui
866 1496 1005 1524 omues
1034 1483 1076 1523 in
1108 1495 1319 1524 numerum
1351 1497 1390 1524 u.
1417 1482 1423 1539 Ι
1451 1485 1609 1537 patroni
1640 1486 1680 1525 in
1704 1485 1915 1538 collegium

205 1561 388 1596 nostrum
417 1553 726 1607 appellarentur,
755 1547 1047 1608 optanldafflue
1068 1557 1193 1599 eraut,
1225 1559 1269 1592 ut
1289 1565 1428 1593 omnes
1457 1553 1773 1606 universisquae⁸
1803 1554 1915 1594 inco-

205 1623 335 1664 lumes
362 1622 404 1663 in
431 1620 439 1675 Ι
465 1633 677 1662 numerum
711 1626 891 1660 nostrum
923 1620 1161 1667 viderentur,
1194 1625 1235 1659 et
1264 1620 1451 1672 quoniam
1483 1621 1541 1661 vir
1568 1619 1811 1676 splenldidus
1841 1621 1915 1662 Co-

205 1691 331 1733 retius
368 1689 519 1731 Fuscus
556 1695 751 1741 patronus
789 1688 945 1728 numeri
983 1686 1126 1727 debeat
1170 1685 1364 1742 exlemplo
1410 1689 1565 1740 pietatis
1610 1689 1832 1742 parentium
1877 1696 1917 1730 et

203 1758 342 1801 matris
377 1756 717 1804 honorificieutia‚
756 1753 765 1810 Ι
806 1756 939 1808 itaque
977 1755 1010 1795 si
1050 1754 1236 1795 omnibus
1274 1755 1474 1796 videretur
1513 1757 1642 1797 tabula
1686 1769 1840 1797 aeream
1880 1758 1916 1798 ei

206 1825 376 1882 onerist,
407 1838 447 1878 q.
467 1826 495 1866 t'.
515 1837 569 1878 p.,
598 1825 637 1865 d.
667 1837 703 1865 e.
734 1836 767 1864 r.
799 1824 824 1864 i.
856 1836 890 1863 c.
922 1821 993 1863 c-’z
1020 1820 1028 1877 Ι
1058 1822 1270 1875 gloriosam
1300 1836 1388 1864 esse
1408 1824 1641 1864 relationem
1671 1823 1710 1864 b.
1732 1824 1771 1864 b.
1793 1838 1826 1865 v.
1847 1826 1919 1865 ιω

209 1896 307 1950 qq.¹¹
335 1894 475 1946 collegi
507 1906 561 1941 u.,
594 1891 603 1947 Ι
642 1898 682 1933 et
710 1892 798 1932 ideo
829 1904 919 1932 cum
953 1890 1004 1931 sit
1033 1890 1213 1931 Coretius
1242 1890 1394 1933 Fuscus
1431 1892 1637 1944 splendide
1668 1899 1797 1941 uatus,
1838 1900 1881 1933 ut
1906 1893 1914 1949 Ι

208 1965 342 2020 potius
377 1961 718 2004 honorificientiae
754 1967 912 2002 nostrae
950 1958 1111 2000 modum
1148 1957 1363 2013 intelliegat
1402 1972 1644 2013 necessaque
1668 1964 1754 2009 (eie)
1792 1961 1845 2002 sit
1880 1961 1917 2001 ei

209 2031 383 2074 tabulam
411 2042 567 2072 aeream
587 2029 711 2070 titulis
736 2027 743 2084 Ι
768 2034 947 2069 ornatam
967 2027 1154 2080 scriptam
1185 2028 1296 2068 offeri
1323 2033 1406 2073 (ste)
1437 2028 1597 2081 petique
1617 2028 1666 2068 ab
1688 2041 1750 2076 eo,
1780 2029 1883 2069 hanc
1908 2027 1917 2085 Ι

209 2100 451 2142 oblationem
483 2104 659 2139 nostram
689 2096 827 2137 libenti
856 2096 990 2136 animo
1019 2094 1236 2150 suscipelre
1266 2096 1465 2148 dignetur,
1501 2096 1730 2149 legatosque
1759 2097 1799 2137 iu
1831 2109 1917 2137 eam

210 2180 296 2210 rem
334 2167 421 2208 fleri
458 2167 526 2219 qui
565 2163 574 2221 Ι
613 2164 720 2218 qui¹²
756 2165 876 2217 digne
906 2171 1201 2216 prosequantur
1230 2164 1438 2204 Titratium
1469 2164 1728 2218 Ampliatum‚
1764 2164 1918 2205 Orfium

210 2234 454 2292 Veriltatem,
483 2234 691 2275 Aemilium
713 2232 929 2279 Victorem,
969 2231 1175 2272 Bebidium
1207 2232 1379 2281 lustum,
1413 2231 1611 2273 Casidium
1642 2229 1918 2290 Mart[i]allem,

210 2305 354 2347 lulium
366 2303 595 2350 Martialem,
624 2301 819 2343 Casidium
834 2299 1070 2349 Rufinum¹³,
1099 2300 1304 2341 Bebidium
1322 2300 1596 2353 lenuffarivium
1614 2305 1710 2350 (eie),
1741 2302 1917 2342 Aetrium

209 2371 484 2419 Romanum¹’‚
515 2371 711 2412 Casidium
732 2368 1043 2416 clementinum,
1073 2369 1252 2408 Aetrium
1277 2367 1285 2422 Ι
1312 2368 1482 2409 vernam
1494 2369 1535 2415 ¹⁴,
1567 2368 1823 2410 Vassideuum
1845 2369 1918 2409 Fa-

210 2453 364 2489 vorem,
402 2439 599 2481 Casidium
630 2438 911 2485 iustissimum,
949 2432 1133 2492 Saluium
1156 2436 1450 2485 verecundum,
1488 2437 1652 2477 Statium
1684 2436 1918 2486 Velocem¹⁸‚

210 2509 360 2551 Veturi.
391 2507 589 2549 Celei-inu.

325 2574 472 2610 mam
496 2574 624 2608 adlata
647 2584 677 2607 e.
694 2559 728 2607 a'.
743 2573 843 2613 1728,
866 2575 1010 2615 reperta
1028 2574 1107 2605 eine
1122 2572 1231 2605 dnbio
1248 2571 1401 2613 Semini,
1425 2574 1478 2605 eet
1501 2574 1540 2604 in
1563 2582 1683 2605 museo
1701 2572 1917 2615 Capitolino,

212 2632 337 2667 ulula
358 2642 471 2666 autea
495 2630 563 2674 (XI
582 2631 672 2664 37⁴8
693 2630 787 2663 vida
809 2628 1023 2669 Bor-mann).
1057 2646 1103 2653 —
1140 2630 1173 2669 1)
1197 2628 1240 2662 A.
1262 2629 1341 2662 260.
1370 2646 1416 2653 —-
1446 2629 1481 2670 2)
1506 2628 1850 2671 Quinquennalibuc.
1874 2647 1919 2653 —

212 2691 249 2732 3)
270 2689 300 2723 it
321 2688 456 2723 abab.
488 2705 534 2712 —
567 2689 604 2730 4)
628 2685 825 2720 Num
847 2687 1022 2719 notem,
1057 2704 1103 2710 —
1140 2687 1174 2727 5)
1199 2684 1324 2718 oratio
1354 2683 1521 2727 confusa,
1553 2687 1594 2717 ut
1622 2686 1758 2727 panim
1790 2687 1829 2718 in
1852 2686 1920 2718 liae

214 2745 351 2780 unta.
383 2763 430 2769 -
464 2743 504 2788 6)
528 2743 734 2777 Orationem
756 2743 860 2775 Maro
883 2743 1036 2775 coniecit
1060 2742 1263 2780 Bomanm
1302 2741 1501 2775 Victoriam
1526 2741 1599 2773 diei
1614 2735 1767 2775 ‘indolis
1790 2752 1918 2775 memo·

213 2795 310 2836 riu'
332 2799 505 2841 [enine-
519 2802 629 2843 palat
646 2799 837 2835 Rueeholer
851 2808 941 2832 nuc.
957 2797 1066 2832 moen.
1083 2799 1170 2832 1902
1184 2810 1221 2842 p.
1233 2799 1315 2838 326,
1339 2795 1528 2837 conserens
1547 2797 1650 2841 corp.
1666 2797 1776 2831 δίου,
1790 2798 1870 2832 Lae.
1885 2797 1922 2831 ΙΙ

210 2869 248 2903 p.
262 2859 395 2901 oe‚54.·
417 2856 549 2890 indoh's
564 2852 751 2898 ἐπίπονος
766 2856 995 2897 σπουδαῖοςῑ
1015 2866 1052 2899 p.
1068 2856 1124 2896 8¹,
1140 2855 1176 2889 3.
1191 2874 1237 2880 —
1264 2857 1299 2896 ’1)
1328 2854 1592 2898 Usquequaque.
1607 2873 1654 2879 -—
1681 2854 1715 2895 8)
1743 2853 1920 2888 universi-

213 2926 292 2959 qu.
306 2932 353 2939 —
376 2915 412 2956 9)
435 2912 531 2955 Quid
550 2912 632 2954 fieri
650 2913 820 2956 placeret,
844 2912 887 2945 do
902 2922 945 2944 ea
961 2922 1003 2944 re
1024 2913 1078 2944 ita
1095 2913 1217 2944 cuncti
1232 2914 1457 2944 censuerunt.
1473 2929 1519 2935 —
1545 2912 1601 2952 lo)
1624 2911 1807 2944 Bonorum
1827 2912 1918 2943 viro·

212 2982 306 3005 rna.
328 2989 376 2996 —
401 2971 457 3012 11)
480 2969 816 3012 Quinqumaliun.
838 2987 884 2993 —
921 2969 978 3010 12)
1003 2967 1091 3001 Dete
1113 2968 1268 3001 aeterua
1291 2968 1362 3012 qui.
1393 2986 1439 2992 —
1478 2970 1533 3009 13)
1558 2967 1611 3007 Cf.
1635 2978 1746 3011 supra
1771 2966 1815 3000 N.
1830 2967 1918 2999 4215

214 3029 305 3068 (nol.
319 3028 372 3071 ὅ).
396 3045 441 3051 -
471 3028 527 3067 14)
549 3024 646 3058 Iam
667 3026 776 3059 eliam
798 3026 839 3058 iu
862 3025 1014 3068 collegio
1038 3027 1331 3058 centonariorum
1354 3022 1416 3062 (Ν.
1432 3025 1556 3065 7221).

328 3127 442 3174 7221
502 3129 601 3182 lmp.
631 3128 808 3169 camene
837 3129 937 3181 Aug.
960 3128 1031 3168 1111
1061 3133 1102 3168 et
1130 3127 1344 3167 volusiano
1374 3128 1471 3167 cosa
1498 3126 1505 3181 ι
1532 3094 1704 3166 Χνῖἶιῖ.
1734 3126 1917 3178 Septem-
