2196 3412
350 191 431 231 786
1059 191 1180 237 Caput
1202 191 1301 227 XVI.

678 304 806 363 [Hunc
833 307 989 347 titulum
1018 303 1110 361 [eei]
1136 336 1146 346 .
1170 336 1178 346 .
1202 336 1212 346 .
1236 319 1311 347 nus
1342 307 1472 360 coiugi
1501 313 1672 355 sanctae,
1699 305 1705 362 Ι

678 373 832 431 [nomen
862 377 963 415 enim
992 374 1059 426 fas
1087 381 1142 415 est
1169 370 1334 430 re]stare
1362 386 1521 428 semper
1550 375 1591 415 in
1623 387 1772 415 aevom.
1800 373 1807 429 Ι

465 441 593 476 Tibure
630 441 738 483 (XIV
755 442 844 476 5709
867 441 971 486 vidi).
1019 441 1207 485 Supplevit
1234 441 1429 476 Buecheler
1459 451 1570 475 earm.
1595 442 1710 485 epigr.
1732 443 1811 477 605.
1852 461 1896 465 —
1939 442 1972 484 1)
1996 440 2060 476 Sie

345 499 454 543 lapis,
474 510 543 542 pro
567 499 775 543 Amymone,
799 501 841 530 ut
861 500 970 540 putat
991 498 1080 532 Bne.

458 579 573 626 7478
630 581 674 622 L.
707 580 876 621 Calidius
906 581 1090 621 Eroticus
1117 578 1123 635 Ι
1158 581 1234 621 sibi
1265 587 1304 621 et
1334 581 1507 621 Fanniae
1540 581 1735 634 Voluptati
1765 593 1801 623 v.
1831 581 1872 621 12¹
1898 580 1905 635 Ι
1934 581 2058 634 copo,

345 647 661 702 computemus²l
705 647 834 688 Habes
854 649 934 689 vini
963 646 994 690 3
1016 648 1069 698 1⁸,
1099 661 1202 701 pane
1228 648 1235 702 Ι
1261 661 1296 689 a.
1318 648 1368 696 1⁴,
1407 648 1645 702 pulmentar.
1674 648 1726 689 a.⁸
1755 648 1804 690 ΙΙ.
1849 649 2056 692 Convenit.

343 716 484 757 Puell.⁸
510 713 517 771 Ι
543 716 595 756 a.⁸
625 716 724 757 Vlll.
766 716 816 757 Et
845 717 920 757 hoe
951 717 1150 757 convenit.
1195 716 1372 757 Faenum
1399 713 1405 771 Ι
1431 715 1539 756 mulo
1569 728 1604 756 a.
1628 715 1674 756 11.
1726 715 1803 757 Iste
1832 717 1963 759 mulus
1991 729 2057 758 me

342 786 388 825 ad
422 786 567 826 sactum
595 782 601 839 Ι
627 783 758 825 dabit⁷
789 793 927 839 (viator
951 795 1090 829 cucullo
1115 795 1273 836 indutus,
1304 794 1441 828 mutum
1465 795 1622 838 capistro
1646 795 1789 837 duem,
1817 797 1852 829 oe
1873 805 1974 839 σομε,
2003 794 2056 829 ἀι·-

341 854 434 895 gitis
457 853 613 886 extemis
637 851 909 896 computantes).

456 909 662 951 Aeserniae,
686 909 814 943 deinde
829 908 997 952 Neapoli,
1021 910 1095 942 iam
1112 908 1266 942 Parisiis
1290 909 1328 940 in
1352 917 1473 941 museo
1498 906 1566 952 (lx
1582 908 1672 942 2689
1697 906 1744 947 es:
1768 907 1852 942 buu.
1877 907 1938 941 des
1961 909 2056 942 anti·

348 967 495 1008 quoire:
519 966 562 999 cte
585 966 729 999 Franco
752 966 834 1000 4901
858 977 893 1010 p.
909 967 981 1001 352
1005 966 1119 1007 n.75,·
1155 967 1278 1007 imago
1302 967 1355 998 est
1384 965 1470 1000 buu.
1494 964 1650 999 archeol.
1672 974 1756 1008 nap.
1782 963 1836 998 VI
1857 965 1927 999 tab.
1943 964 1962 998 1
1983 974 2020 998 n.
2034 966 2056 999 4

338 1034 375 1066 p.
390 1022 462 1068 91).
498 1041 544 1047 —-
583 1023 614 1065 1)
640 1023 753 1056 Vivus
776 1022 874 1063 fecit.
909 1041 956 1047 —
991 1023 1026 1066 2)
1050 1022 1261 1055 viver-bium
1285 1023 1438 1056 viatoris
1460 1025 1496 1055 et
1519 1023 1676 1066 coponis.
1707 1041 1750 1046 —
1785 1022 1820 1062 3)
1846 1021 2056 1056 Satan-iun

339 1089 463 1114 unum.
492 1098 539 1103 —
574 1081 609 1121 4)
632 1079 755 1113 Auem
777 1090 901 1114 unum.
936 1098 982 1104 -
1019 1080 1053 1122 5)
1078 1080 1190 1113 Auos.
1225 1097 1271 1103 —
1307 1080 1342 1122 6)
1367 1079 1540 1114 Puellam.
1576 1077 1632 1119 Cf:
1657 1077 1790 1115 C.J.L.
1813 1077 1866 1112 IV
1885 1078 1987 1113 2430.
2011 1095 2056 1103 —

341 1138 375 1179 7)
399 1137 561 1180 Apparet
590 1138 765 1170 viatorem
795 1147 903 1179 aegre
930 1135 1030 1177 ferre
1059 1138 1256 1180 impensam
1285 1138 1324 1169 in
1347 1136 1483 1170 mulum
1506 1134 1663 1179 saetam,
1697 1138 1733 1169 et
1754 1138 1910 1169 metum
1939 1145 1986 1168 ne
2008 1133 2058 1169 ad

334 1195 547 1237 pauperiem
570 1193 770 1236 redigatur.
817 1194 877 1227 Ad
891 1193 1039 1235 saelum,
1063 1194 1183 1227 iudice
1199 1192 1426 1236 Mommsenio,
1451 1192 1659 1236 signifieat.-
1683 1192 1732 1226 ad
1753 1202 1842 1236 opus
1865 1194 2054 1227 rusticum.

341 1249 557 1294 (Adfeetvm
574 1251 685 1293 dabit,
708 1252 733 1284 i.
751 1262 779 1283 e.
803 1251 973 1284 miserum
989 1251 1124 1292 reddet,
1147 1251 1327 1293 intellegit
1350 1250 1536 1283 Froelmer
1557 1247 1637 1283 mdl.
1654 1247 1907 1293 d’dpigraphie
1927 1260 1963 1292 p.
1979 1247 2055 1292 89.)

453 1331 566 1378 ’7479
597 1342 783 1387 (circulus,
807 1353 955 1376 normae
978 1342 1088 1387 duae)
1116 1333 1246 1373 Vitatis
1267 1332 1307 1372 C.
1326 1333 1417 1372 Lavi
1440 1333 1571 1373 Fausti
1599 1331 1605 1387 Ι
1631 1345 1722 1380 ser..
1744 1332 1847 1372 idem
1869 1332 1912 1381 f„
1933 1342 2054 1371 verna

340 1402 458 1442 domo
485 1400 492 1457 Ι
521 1407 648 1450 natus,
670 1401 735 1441 hic
754 1401 852 1442 situs
873 1407 945 1450 est,
968 1401 1062 1441 vixit
1086 1399 1093 1455 Ι
1120 1413 1248 1441 annos
1268 1400 1374 1448 xvi,
1405 1401 1564 1441 institor
1582 1400 1767 1441 tabernas
1793 1397 1800 1453 Ι
1826 1398 2053 1453 Aprianas¹‚

339 1482 359 1510 a
391 1470 540 1524 populo
570 1477 771 1523 acceptus,
803 1468 811 1523 Ι
846 1470 947 1510 idem
978 1468 1027 1509 ab
1059 1469 1175 1510 dibus
1215 1467 1223 1523 Ι
1265 1476 1438 1522 ereptus.
1498 1469 1610 1520 Rogo
1643 1465 1650 1523 Ι
1683 1480 1766 1517 vos,
1802 1468 1984 1516 viatores,
2020 1467 2053 1508 si

339 1538 433 1591 quid
464 1538 598 1580 minus
623 1537 631 1590 Ι
657 1537 745 1578 dedi
776 1549 932 1578 mesura
969 1544 1013 1578 ut
1043 1538 1145 1591 patri
1176 1550 1264 1578 meo
1296 1537 1487 1591 adicere²,
1514 1536 1521 1586 Ι
1553 1537 1778 1589 ignoscatis.
1838 1535 1950 1589 Rogo
1980 1547 2055 1590 per

337 1619 506 1659 superos
531 1606 538 1663 Ι
566 1612 606 1647 et
627 1606 789 1654 inferos,
821 1612 865 1646 ut
888 1612 1039 1658 patrem
1071 1612 1110 1646 et
1130 1612 1255 1646 matre
1281 1603 1288 1661 Ι
1314 1606 1612 1646 commendatos
1641 1604 1826 1646 abeafis’.
1852 1604 1860 1660 Ι
1886 1603 1936 1645 Et
1955 1603 2050 1648 vale.

452 1674 566 1717 Prope
589 1673 763 1707 Dramam
788 1673 1037 1715 Macedoniae,
1069 1683 1143 1706 non
1168 1672 1274 1716 longe
1298 1683 1319 1706 a
1343 1672 1521 1716 Philippis
1555 1672 1636 1717 (111
1656 1672 1692 1707 S.
1715 1672 1835 1715 44206,
1857 1672 1901 1706 21
1939 1671 2051 1706 deser.

339 1729 490 1763 Cumont
518 1729 634 1763 Revue
664 1730 707 1763 de
738 1728 989 1764 l’lnstruction
1019 1730 1117 1773 publ.
1150 1740 1193 1763 en
1216 1729 1391 1773 Belgiquo
1413 1730 1502 1764 4898
1523 1740 1562 1773 p.
1580 1731 1683 1772 335⁷).
1719 1749 1763 1754 —
1803 1729 1836 1771 1)
1869 1727 2054 1762 Tabes-naa

335 1787 531 1831 Aprianae.
556 1806 601 1812 —
632 1788 666 1829 2)
690 1787 890 1822 Adit-erem.
914 1806 960 1812 -
989 1787 1023 1829 3)
1048 1787 1228 1820 Habeam.

449 1922 565 1969 ’7480
614 1924 660 1971 Q.
680 1925 841 1965 Brutius
867 1921 873 1979 Ι
900 1924 943 1964 Ρ.
965 1924 992 1964 f.
1014 1924 1124 1972 Quir.
1145 1925 1196 1964 v!
1224 1922 1231 1978 Ι
1256 1930 1465 1965 mercator.
1486 1923 1615 1964 bova.²
1641 1921 1647 1979 Ι
1674 1922 1722 1963 de
1752 1934 1893 1976 campo
1923 1922 2011 1963 heio
2036 1919 2045 1978 Ι

335 1993 467 2041 cubat,
498 1992 602 2044 frugi
629 1990 635 2046 Ι
664 1999 774 2033 castu
804 1991 959 2032 amabili
986 1990 994 2045 Ι
1020 1993 1220 2033 ominibus
1245 1995 1340 2041 (sie).
1368 1992 1376 2045 Ι
1410 1992 1544 2033 Brutia
1574 1991 1624 2039 Q.
1655 1991 1681 2032 l.
1710 1991 1811 2033 Rura
1836 1989 1845 2046 Ι
1869 1991 1946 2045 pia,
1977 2003 2046 2044 pa—

335 2067 453 2102 trono
479 2059 486 2115 Ι
513 2061 607 2100 dum
637 2060 751 2100 vixsit
776 2058 783 2114 Ι
811 2060 970 2113 placuit.

449 2126 581 2161 Romae
617 2127 666 2160 ad
701 2128 797 2160 viam
833 2127 1015 2161 Salariam
1050 2137 1124 2171 rep.
1161 2125 1280 2168 (Gaui
1309 2125 1454 2160 Notin'e
1483 2125 1581 2169 degli
1609 2128 1709 2160 soavi
1731 2126 1818 2160 1902
1845 2137 1881 2170 p.
1903 2125 1978 2171 54).
2000 2145 2048 2151 —

337 2186 368 2227 1)
394 2184 518 2219 Viam.
533 2203 579 2208 —
603 2185 638 2227 2)
662 2184 851 2218 Bovarim.
876 2183 1041 2228 Goniegiu
1059 2188 1240 2218 mercator.
1256 2183 1462 2227 pequariorn
1478 2194 1590 2228 supra
1607 2182 1652 2219 N.
1664 2185 1758 2219 3⁶83
1765 2188 1791 2224 ⁶.
1815 2193 1893 2228 neg.
1909 2183 2046 2220 invene.

334 2240 380 2275 Ν.
397 2242 505 2283 6288,
536 2246 704 2275 mereator
727 2241 860 2275 suarius
884 2241 934 2275 IX
949 2242 1058 2282 2128,
1091 2240 1296 2284 [mereator]
1323 2239 1498 2284 porcarius
1522 2240 1579 2274 111
1601 2240 1638 2276 S.
1654 2241 1774 2276 14370.

447 2319 558 2366 ’7481
619 2322 656 2362 d.
689 2334 740 2362 m.
783 2319 789 2375 Ι
829 2321 881 2362 Μ.
911 2321 1086 2362 Antonio
1117 2321 1168 2362 M.
1200 2321 1280 2361 fflio
1313 2320 1322 2370 Ι
1357 2320 1516 2362 Claudia
1546 2322 1706 2362 Terenti
1745 2320 1754 2377 Ι
1787 2321 1958 2362 oriundo
1988 2321 2044 2362 ci-

335 2391 430 2431 itate
467 2388 472 2444 Ι
508 2390 670 2437 Miseni,
710 2390 898 2430 omnibus
930 2389 937 2444 Ι
971 2389 1204 2430 muneribus
1234 2396 1274 2429 et
1306 2388 1312 2443 Ι
1349 2389 1571 2431 honoribus
1601 2389 1749 2443 patriae
1783 2388 1789 2444 Ι
1826 2400 1921 2430 suae
1952 2400 2043 2442 per·

335 2460 485 2507 functo,
512 2457 519 2513 Ι
548 2458 781 2510 negotiatori
808 2455 814 2513 Ι
841 2457 1101 2499 celeberrimo
1123 2459 1276 2498 suariae
1304 2457 1310 2512 Ι
1336 2464 1376 2499 et
1405 2458 1628 2511 pecuariae.
1659 2455 1666 2512 Ι
1701 2457 1751 2499 M.
1771 2456 1823 2497 M.
1844 2456 2007 2498 Antonii
2033 2454 2042 2512 Ι

334 2527 456 2568 Teres
486 2533 526 2567 et
555 2527 748 2567 Proculus
774 2524 780 2581 Ι
808 2526 860 2567 fili
891 2532 930 2566 et
959 2526 1123 2567 heredes
1148 2524 1155 2579 Ι
1181 2526 1400 2567 secundum
1430 2526 1672 2567 voluntatem
1698 2523 1705 2581 Ι
1731 2525 1868 2579 ipsius.

447 2593 579 2628 Romae
604 2594 653 2627 ad
675 2595 771 2627 viam
796 2594 1061 2627 Praenestinam
1085 2604 1160 2637 rep.
1184 2592 1255 2634 (VI
1273 2593 1390 2628 85887
1412 2593 1504 2627 vidie
1529 2591 1707 2637 aueum).

445 2654 588 2720 7482-
618 2675 655 2715 d.
689 2688 740 2715 m.
771 2688 802 2716 s.
844 2675 851 2728 Ι
891 2674 942 2714 Μ.
973 2676 1067 2714 Aur.
1100 2673 1247 2714 Eureto
1279 2674 1439 2727 coniugi
1478 2673 1486 2727 Ι
1527 2674 1743 2721 carissimo,
1783 2673 1850 2726 qui
1881 2685 1916 2714 v,
1946 2685 2041 2714 ann.

334 2743 487 2783 vaul
530 2741 535 2797 Ι
577 2756 628 2783 m.
661 2742 764 2792 vill,
805 2743 993 2796 Septimia
1024 2741 1265 2783 Felieissima
1301 2740 1307 2797 Ι
1349 2754 1450 2782 uxor
1479 2748 1518 2782 et
1548 2741 1599 2784 M.
1633 2742 1728 2784 Aur.
1760 2741 1931 2783 Euretus
1959 2747 1999 2782 et
2032 2737 2040 2796 Ι

334 2811 521 2863 Septimia
544 2810 705 2852 Euresis
735 2818 774 2852 et
803 2813 897 2852 Aur.
920 2810 1215 2867 Puldentianus‚
1246 2809 1298 2850 fili
1320 2809 1535 2859 carissimo,
1561 2808 1568 2866 Ι
1596 2810 1811 2863 negotianti
1834 2805 2041 2864 pullat-iod

361 2879 433 2918 atri
466 2877 504 2919 b.
537 2890 587 2918 m.
619 2879 645 2918 f.

334 2891 358 2931 p
447 2943 578 2978 Roman
602 2945 677 2986 (VI
696 2947 780 2980 9674
806 2947 950 2989 saepius
973 2946 1150 2989 descripta
1174 2955 1265 2979 eaeo.
1290 2943 1402 2986 XVI).

445 3034 559 3081 7483
618 3037 661 3077 L.
695 3037 836 3090 Papius
875 3037 918 3078 L.
952 3038 976 3078 Ι.
1009 3036 1195 3078 Phaselus
1236 3044 1433 3077 mercator
1471 3036 1668 3086 vinarius;
1708 3034 1715 3091 Ι
1755 3035 1806 3076 M.
1840 3036 2039 3089 Perperna

334 3103 385 3146 M.
418 3105 444 3146 f.
476 3107 563 3145 Soa.
598 3104 770 3155 Potitus3
816 3105 822 3159 Ι
868 3105 919 3146 Μ.
951 3105 1116 3146 Alfidius
1155 3105 1205 3145 M.
1245 3104 1271 3145 1.
1312 3105 1572 3154 Fortunatus;
1618 3102 1625 3160 Ι
1671 3107 1712 3148 Α.
1745 3103 1899 3144 Tettius
1937 3104 1982 3143 Α.
2013 3102 2039 3143 1.
