2196 3412
331 191 415 230 852
1061 192 1180 238 Caput
1202 191 1318 228 XVII.

332 319 422 347 rum
453 313 551 359 quot
579 312 638 348 ets
654 312 739 356 (sio)
770 303 1029 362 inltrantibus
1059 312 1171 358 parte
1201 305 1418 363 senexltra:
1449 307 1585 349 ollaria
1605 308 1742 362 pilaria
1769 307 1777 363 Ι
1802 314 1942 350 contra
1970 308 2043 350 alis

333 375 408 415 alio
439 374 596 424 n.1111‚
627 381 667 415 et
696 374 854 427 pariens
885 372 1039 414 medius
1068 386 1108 426 p.
1130 373 1249 415 Vsl.¹

444 441 587 482 Romae,
617 443 692 474 iam
718 440 844 476 Urbini
872 438 942 485 (VI
959 440 1066 475 47565
1090 441 1182 475 vidit
1205 441 1423 486 Burmann).
1457 461 1502 467 —
1540 445 1571 485 1)
1595 444 1767 478 Fortasse
1790 451 1859 475 scr.
1883 450 1917 485 p.
1940 438 2043 475 VS}

334 499 453 541 (pedes
474 500 498 532 ὅ
506 496 574 542 314).

445 587 564 636 792⁶

331 727 384 767 Μ.
407 726 586 767 Statilius
613 725 868 781 Mercurilus'
901 728 994 768 fecit
1022 727 1096 768 sibi

331 800 371 835 et
400 794 578 837 Liciniae
602 793 608 850 Ι
636 794 749 835 Vitali
779 795 940 848 coniugi
972 795 1097 836 karis-

329 863 452 904 simae
491 861 498 918 Ι
539 869 579 904 et
621 863 774 904 Statilio
819 863 972 905 Geniali
1011 864 1018 920 Ι
1060 871 1097 905 et

331 931 505 972 Statiliae
536 931 759 972 Primitivae
785 930 792 986 Ι
818 931 970 973 libertis
999 933 1098 973 meis

330 1006 370 1039 et
400 997 408 1055 Ι
443 998 595 1040 libertis
623 999 921 1054 libertabusque
957 1001 1055 1042 meis
1089 1003 1097 1052 Ι

329 1068 580 1121 posterisque
634 1081 773 1110 eorum
828 1067 836 1124 Ι
890 1069 1096 1110 introitum

329 1136 478 1176 exitum
527 1135 784 1193 omnemlque
835 1149 920 1178 rem
968 1138 1096 1192 possi-

329 1205 424 1245 dere
461 1204 567 1257 quod
598 1206 694 1246 mihi
728 1203 735 1261 Ι
770 1218 1004 1247 concessum
1036 1212 1096 1247 est

1281 660 1547 714 Euphrosyno
1574 660 1581 714 Ι
1616 667 1654 701 et
1685 660 1895 701 Hei-oliano
1928 657 1936 712 Ι
1965 669 2044 699 ser.

1239 749 1242 750 ν
1278 728 1319 770 C.
1346 727 1417 778 n.²‚
1448 740 1683 769 concessum
1710 726 1717 781 Ι
1743 728 1800 769 eis
1830 726 1879 768 ab
1910 725 2042 767 Flavio

1277 797 1423 838 Rufino
1449 796 1457 851 Ι
1483 797 1524 837 in
1555 801 1814 837 monumento
1840 792 1848 851 Ι
1873 794 2041 836 Iuniano

1279 865 1386 916 quod
1423 871 1483 906 est
1521 866 1529 915 Ι
1569 864 1666 905 iuris
1701 864 1800 913 mei,
1845 859 2042 918 intranlti-

1279 932 1354 973 bus
1383 938 1495 986 parte
1524 929 1718 988 dextelra,
1756 932 1797 972 in
1832 930 2006 971 triclinio
2031 927 2039 985 Ι

1279 1002 1319 1042 in
1351 1015 1431 1054 quo
1462 997 1639 1058 pari[e]te
1673 1007 1768 1042 sunt
1801 998 1807 1055 Ι
1840 999 1940 1040 ollae
1977 1011 2043 1040 os-

1277 1070 1405 1110 suaria
1451 1068 1458 1125 Ι
1504 1082 1671 1111 numero
1701 1068 1834 1118 XIIII,
1878 1069 1886 1120 Ι
1930 1067 2042 1108 etin

1276 1138 1426 1179 triclia⁸
1455 1135 1711 1195 sarlcophaga
1740 1139 1780 1178 ᾗ.
1810 1137 1885 1187 Ill,
1911 1134 1920 1190 Ι
1944 1141 2044 1189 quot

1277 1206 1376 1247 cessi
1416 1203 1523 1263 e[q]o
1566 1204 1574 1260 Ι
1613 1204 1747 1247 ambas
1785 1211 1917 1259 partes
1955 1209 1996 1245 et
2029 1200 2040 1259 Ι

329 1285 351 1313 a
380 1272 427 1313 T.
449 1273 580 1314 Flavio
601 1273 771 1314 Rufino¹
797 1272 804 1329 Ι
831 1274 872 1314 in
894 1280 1005 1327 parte
1035 1274 1095 1314 di·
1277 1274 1429 1315 Statilio
1459 1275 1656 1315 Mercurio
1694 1273 1701 1327 Ι
1742 1281 1780 1315 et
1812 1271 2042 1314 nominibus

329 1341 449 1382 midia
480 1341 722 1383 intrantibus
753 1341 759 1397 Ι
794 1348 908 1395 parte
938 1341 1096 1383 siniste-
1274 1356 1306 1383 s.
1338 1343 1386 1383 s.⁴

330 1410 449 1451 riore.
500 1409 547 1450 In
578 1410 712 1451 fronte
738 1407 745 1465 Ι
771 1410 893 1463 pedes
922 1410 1095 1460 XXXIII,

328 1478 370 1518 in
403 1489 498 1530 agro
528 1478 618 1531 ped.
647 1478 765 1519 XXX.

446 1545 489 1578 In
513 1545 626 1579 Portu
650 1544 809 1579 Romano
833 1555 920 1589 rep„
954 1544 1081 1579 deinde
1103 1544 1235 1579 Romae
1259 1543 1361 1590 (XIV
1382 1544 1469 1579 4656
1493 1545 1605 1579 deser.
1632 1544 1760 1578 Senatu
1783 1546 1913 1578 auctor
1938 1553 2042 1577 aceu-

328 1601 460 1647 ratus).
495 1621 542 1627 —
579 1603 611 1645 1)
635 1601 733 1636 Idem
757 1603 823 1646 qui
840 1605 1063 1636 memoratur
1091 1603 1131 1636 in
1155 1602 1262 1636 titulo
1291 1604 1397 1636 iuxta
1428 1604 1558 1646 posito.
1593 1620 1640 1628 —
1677 1603 1711 1645 2)
1735 1601 1856 1636 Servis
1879 1601 2043 1636 Gaesao-te

329 1661 457 1694 nostri.
468 1678 514 1684 —
531 1659 565 1702 3)
585 1657 639 1700 Cli
656 1658 702 1692 Ν.
714 1658 812 1694 8418.
825 1678 869 1684 —
884 1659 920 1703 4)
937 1658 1058 1703 Supra
1072 1660 1218 1704 scriptis
1235 1658 1418 1703 (intellego
1433 1659 1714 1704 Euphrosynum
1730 1661 1766 1692 ot
1780 1654 2041 1702 Herolianun).

442 1715 587 1750 Similes
616 1715 717 1749 tituli
746 1716 910 1759 bipertiti
941 1716 1008 1760 (ad
1034 1718 1176 1760 partem
1205 1717 1391 1749 sinistram
1421 1719 1457 1749 et
1487 1716 1654 1749 dextram
1682 1716 1905 1749 monuments·
1930 1714 2043 1757 pom·-

328 1772 467 1816 nentes)
499 1772 698 1816 complures
732 1773 851 1806 Ostiae
881 1775 916 1806 et
944 1775 984 1807 in
1013 1773 1126 1806 Portu
1156 1774 1312 1816 reperti.-
1346 1783 1459 1816 cupra
1481 1771 1527 1806 Ν.
1550 1772 1645 1806 6179.
1690 1770 1782 1806 XIV
1797 1771 1860 1805 416
1876 1773 1940 1804 cet.
1972 1767 2040 1814 (cs.

328 1828 422 1864 XIV
434 1839 469 1871 p.
485 1829 581 1871 602).

443 1919 558 1969 7927
615 1923 675 1964 (lis
705 1935 811 1963 man.
845 1922 852 1976 Ι
883 1923 1106 1974 Ragoniaes
1135 1923 1355 1964 Primitives
1386 1920 1393 1977 Ι
1429 1929 1468 1963 et
1496 1923 1674 1976 Ragonia
1703 1923 1831 1971 Queta
1860 1921 1935 1963 sibi
1964 1926 2006 1962 et
2030 1917 2039 1976 Ι

330 1990 378 2038 Q.
408 1990 557 2031 Mantio
587 1991 851 2044 Agatbemero
878 1989 885 2047 Ι
921 1991 1084 2044 coniugi
1118 1996 1159 2031 et
1186 1990 1316 2032 libert.
1347 1989 1564 2032 libertabus
1589 1990 1596 2045 Ι
1631 1991 1855 2044 posterisq.,
1894 1989 2040 2030 aedicla

330 2071 408 2110 que
438 2064 498 2099 est
529 2056 681 2114 conltra
712 2060 814 2101 ostiu
846 2072 936 2100 cum
968 2059 1050 2100 olas
1081 2073 1120 2100 n.
1142 2059 1215 2100 1111
1247 2066 1286 2099 et
1315 2066 1407 2100 ante
1435 2057 1596 2115 aedlicla
1625 2060 1651 2100 l.
1681 2073 1721 2114 p.
1744 2059 1788 2109 V,
1818 2058 1884 2099 lat.
1912 2057 2040 2112 p.111.

443 2123 575 2158 Romae
597 2124 670 2170 (VI
691 2127 807 2161 25539
829 2126 923 2161 vidit
946 2127 989 2161 de
1004 2126 1136 2171 Rosci).

443 2206 558 2253 7928
615 2238 761 2249 .....
795 2207 801 2264 Ι
839 2211 934 2250 emit
962 2209 1037 2250 sibi
1075 2216 1116 2250 et
1144 2209 1314 2250 Rutiliae
1343 2209 1499 2263 Helpidi
1538 2209 1698 2261 coniugi
1739 2214 1778 2249 et
1806 2203 2003 2264 Rutilia[o]
2030 2203 2039 2263 Ι

332 2276 578 2329 Crispinillae
609 2277 649 2327 f.‚
685 2277 754 2318 lib.
784 2277 1080 2330 libertabusque
1109 2278 1321 2331 posterisq.
1353 2290 1489 2319 eorum
1521 2276 1745 2332 {aediculas
1765 2275 1836 2317 llll
1867 2273 2040 2317 columb.

330 2344 422 2394 llll,
453 2350 491 2385 et
521 2345 562 2385 in
592 2345 679 2386 solo
711 2351 804 2387 ante
833 2346 956 2386 aedic.
987 2347 1028 2386 in
1059 2347 1191 2387 fronte
1217 2344 1224 2401 Ι
1250 2346 1340 2400 ped.
1373 2346 1474 2387 IlllS
1505 2358 1597 2386 cum
1627 2358 1674 2386 eo
1706 2343 1896 2397 quidquid
1925 2342 1967 2383 in
1998 2354 2038 2395 p.

331 2411 467 2464 quadr.
500 2417 608 2465 part.-
632 2413 814 2454 interiori
843 2413 1086 2454 continetur.

445 2478 578 2512 Romae
608 2478 681 2523 (VI
699 2479 808 2514 25677
830 2480 937 2514 semel
960 2481 1137 2523 descripta
1159 2491 1252 2515 saec.
1276 2479 1424 2525 XVIII).

329 2536 2039 2546 ———.—.-——,——‚————.——————-

444 2570 559 2619 '792⁹
617 2572 832 2613 aediculam
863 2586 953 2614 cum
986 2574 1072 2614 ollis
1103 2575 1289 2623 ossuaris,
1320 2574 1372 2613 ita
1393 2574 1450 2614 uti
1482 2574 1521 2613 in
1549 2573 1554 2627 Ι
1583 2572 1797 2613 aediculam
1816 2576 1901 2621 (sie)
1931 2577 2038 2618 sunt,

333 2641 374 2681 C.
404 2640 550 2681 Luccei
581 2640 764 2694 Phyladis
793 2640 819 2681 1.
849 2637 1027 2695 Feliclis¹
1066 2641 1217 2693 geruli⁸
1254 2641 1348 2682 emit
1376 2640 1425 2680 de
1455 2640 1500 2682 D.
1528 2639 1697 2680 Laberio
1729 2638 1835 2679 Paeti
1866 2645 1904 2679 et
1934 2637 2038 2692 Epa-

331 2706 517 2764 phrodliti
548 2709 574 2750 l.
606 2708 749 2750 Fausto
780 2709 822 2750 in
852 2715 1113 2751 monumento
1144 2709 1185 2750 C.
1216 2709 1360 2749 Luccei
1389 2707 1492 2749 Bitbi
1522 2707 1548 2750 l.
1584 2705 1591 2761 Ι
1624 2707 1756 2748 Fausti
1794 2706 1987 2748 coactoris
2015 2718 2038 2747 a

331 2782 453 2830 portu
482 2777 657 2818 vinario⁸
694 2783 734 2818 et
762 2777 806 2822 D.
840 2777 993 2833 Lalberi
1022 2776 1131 2818 Paeti
1162 2776 1186 2816 l.
1218 2775 1501 2830 Epaphroditi⁴
1537 2789 1557 2815 a
1588 2783 1706 2829 portu
1738 2775 1888 2816 vinario
1913 2772 1920 2831 Ι
1947 2786 2038 2815 cum

332 2845 438 2884 intro
468 2844 508 2884 in
541 2850 801 2886 monumento
841 2858 979 2887 eorum
1010 2858 1075 2886 eas
1105 2858 1126 2885 e
1158 2844 1321 2895 regione
1352 2845 1424 2885 osti
1461 2842 1467 2898 Ι
1502 2844 1660 2897 parietis
1689 2843 1792 2885 medi
1822 2842 2038 2885 aediculam

333 2924 424 2953 eum
456 2912 542 2953 ollis
573 2914 746 2954 ossuaris
775 2913 850 2955 sibi
881 2921 920 2955 et
949 2914 1031 2956 suis
1059 2912 1307 2966 superisque.

446 2977 576 3012 Romae
601 2980 670 3023 (VI
683 2979 770 3014 9189
793 2979 949 3020 sortasse
970 2980 1078 3015 semel
1091 2982 1230 3014 tantum
1246 2980 1455 3023 descripta).
1473 2998 1517 3004 —
1545 2981 1574 3022 1)
1601 2979 1757 3014 Videtur·
1778 2979 1919 3023 requiri
1934 2987 2038 3011 mm

326 3037 482 3079 primus.
529 3037 690 3071 Ceterum
715 3037 806 3070 alive
835 3048 974 3082 quoque
998 3047 1138 3071 err-oret
1166 3039 1205 3070 in
1229 3037 1334 3070 liutto
1367 3038 1479 3070 inesse
1507 3038 1670 3080 apparet.
1706 3054 1752 3060 -
1786 3035 1822 3077 2)
1846 3033 1901 3075 Gli
1924 3044 2037 3078 supra

332 3091 377 3127 N.
394 3092 488 3127 ⁴940.
512 3112 555 3118 —
582 3095 616 3134 3)
645 3092 698 3133 Cl‘.
723 3092 768 3129 N.
784 3094 880 3128 7504.
904 3114 948 3120 —
973 3095 1007 3131 4)
1030 3093 1065 3127 F
1066 3095 1203 3127 ortam
1227 3093 1380 3127 coem'dit:
1405 3093 1584 3128 coactoris.
1611 3111 1656 3117 —
1679 3091 1780 3127 Addo
1803 3090 1980 3126 mnam.
