2190 3406
316 142 399 181 984
1036 141 1155 187 Caput
1176 140 1312 178 xvln.

316 259 482 300 apparet,
514 260 548 289 et
579 256 815 297 confirmatur
845 255 1008 297 reliquiis
1036 255 1222 289 nonnullis
1244 257 1405 299 ipsorum
1429 256 1664 302 eoum-iorum
1689 267 1805 301 prope
1826 255 1946 292 Ileinu
1967 268 2023 291 re-

312 316 427 358 pertis
451 313 554 353 (XIII
577 314 696 354 40024,
719 312 938 353 izo—227).
986 310 1216 345 Monumenta
1241 313 1348 346 huius
1367 315 1514 356 generis
1533 316 1615 357 post
1639 314 1732 348 alios
1750 316 2024 356 composuerunt

319 370 354 406 C.
370 370 412 405 L.
431 368 627 410 Grotefend
654 370 711 402 die
737 368 890 412 Stempcl
917 368 982 401 der·
1004 378 1112 402 roem.
1136 369 1370 412 Augeniirste
1393 370 1605 413 (Hannover
1626 370 1754 415 4867),·
1791 370 1892 405 Aem.
1914 369 2024 415 Espe-

314 426 468 460 randieu
491 425 609 459 Revue
632 424 907 468 arclceologique
929 436 998 459 ser.
1015 424 1070 458 III
1091 427 1116 459 t.
1133 424 1269 460 24-24
1287 425 1443 472 (489514)
1459 441 1504 455 =
1520 425 1665 461 Recueil
1680 427 1724 461 de
1740 428 1880 461 cachets
1902 426 2024 462 eoen-

314 483 411 516 listes
426 484 588 516 romains
606 483 726 523 (Paris
741 482 856 526 4894),
881 485 915 515 et
938 491 1054 524 nuper
1075 484 1115 515 in
1133 481 1304 526 Corporis
1326 483 1436 519 inser.
1453 482 1533 519 Lat.
1549 484 1618 519 vol.
1637 483 1724 518 XIII
1742 486 1847 528 parte
1856 484 1894 526 δ’,
1907 494 1946 528 p.
1957 483 2022 519 361

316 542 443 581 —6005
467 539 628 582 eoeempla
652 538 779 572 selecta
805 538 996 572 ediderunt
1019 537 1210 578 Villes'osse
1227 541 1261 571 et
1281 537 1461 573 Thedenat
1485 541 1624 574 caclaets
1640 541 1847 575 d'oculistes
1861 542 2023 574 rav-atne

314 596 435 638 (Paris
450 595 569 640 4882),
593 596 736 629 adiecto
759 597 940 629 uberrimo
965 597 1230 630 commentario.

368 697 484 745 8734
600 699 647 746 Q.
680 698 766 739 Albi
797 698 1003 740 Vitalionis
1032 699 1217 740 mixtum¹
1254 701 1300 739 ad
1328 699 1335 754 Ι
1361 700 1493 741 omnia
1523 706 1682 753 praeter
1709 698 1936 753 lippitudini.
1967 721 2022 729 -

315 768 361 815 Q.
384 768 471 808 Albi
495 767 698 808 Vitalionis
718 767 932 808 melinum'
957 765 963 820 Ι
990 767 1102 808 acre⁸
1127 768 1174 808 ad
1199 769 1347 821 pulver.
1380 776 1420 809 et
1448 768 1646 821 caligine!
1665 791 1721 798 —
1742 765 1812 824 [Q.
1833 766 1921 810 Aaou·
1942 763 2023 824 Vi]-

313 836 471 877 talionis
510 835 779 888 isochrysum⁶
811 834 817 889 Ι
850 831 916 891 [αά
943 832 1195 892 inJcipientes
1231 836 1385 877 suffus.⁶
1415 842 1454 877 et
1484 836 1593 877 clar.⁷
1629 859 1685 866 —
1722 835 1768 883 Q.
1800 834 1887 877 Albi
1916 834 2022 877 vita-

315 905 433 945 lionis
463 900 710 960 che[lidon.]⁸
737 902 742 958 Ι
770 903 1026 956 opobalsam?
1054 903 1103 944 ad
1133 900 1390 960 calig[inem]⁴

417 972 532 1015 Prope
548 971 738 1006 Vertillum
751 970 955 1013 Lingonum
970 969 1169 1016 (Vertault)
1186 982 1273 1015 rep„
1290 974 1340 1005 est
1355 969 1738 1005 Glzatillon-surseim
1750 969 1857 1011 (XIII
1868 961 2024 1012 40024,.3

312 1029 403 1062 vidit
419 1028 627 1069 Hirschfeld
631 1042 645 1070 ;
668 1030 866 1072 imaginem
883 1028 1027 1062 eaelzibet
1043 1027 1234 1068 Villes'osse
1250 1028 1335 1062 bull.
1352 1028 1412 1062 des
1428 1030 1541 1072 antiq.
1558 1027 1602 1061 de
1616 1027 1760 1062 France
1775 1027 1861 1061 4884
1874 1036 1911 1072 p.
1926 1025 2023 1072 489).

312 1105 357 1112 -
384 1087 416 1128 1)
443 1085 560 1119 Celsus
581 1088 613 1129 6,
628 1087 661 1128 6,
676 1086 718 1120 47
741 1084 928 1129 Euelpidis
953 1083 1180 1130 (collyrium)
1205 1085 1302 1128 quod
1322 1082 1556 1132 μεμιγμένον
1580 1085 1801 1118 nominabat.
1831 1101 1877 1109 -—
1906 1084 1942 1126 2)
1967 1081 2023 1124 Gr.

314 1143 436 1177 Galen.
450 1142 521 1177 XII
529 1143 602 1178 769.
614 1144 689 1178 786.
714 1142 748 1176 V
747 1140 903 1182 illefossc
919 1145 954 1175 et
973 1139 1152 1175 Thidenat
1165 1153 1203 1186 p.
1217 1142 1279 1176 479
1287 1154 1357 1186 seq.
1372 1161 1419 1168 —
1439 1143 1476 1185 3)
1493 1140 1547 1182 Cfi
1561 1141 1726 1176 Ser-ibon.
1740 1140 1852 1184 Larg.
1862 1141 1896 1183 4,
1906 1141 1966 1175 56.
1977 1158 2024 1165 —

313 1201 347 1241 4)
377 1198 496 1234 Celsus
511 1201 543 1242 6,
555 1202 587 1244 6,
599 1201 659 1235 32.
685 1198 778 1234 Plin.
798 1200 831 1235 Ιι.
849 1209 884 1232 n.
900 1200 960 1242 25,
976 1198 1038 1232 444
1062 1198 1309 1243 (anagallidos
1326 1199 1471 1244 herbae)
1496 1208 1603 1232 sucus
1619 1198 1805 1232 oculorum
1830 1195 2023 1240 caliginem

312 1257 461 1291 discutit
485 1267 564 1291 cum
582 1255 694 1291 melle.
711 1275 757 1281 —-
782 1257 816 1299 5)
842 1254 1040 1300 Collyrium
1064 1257 1173 1290 huius
1189 1257 1345 1289 nominis
1360 1257 1535 1289 memorat
1554 1252 1677 1289 Galen.
1693 1254 1737 1288 de
1753 1263 1865 1298 comp.
1879 1254 2022 1298 pluam.

314 1311 418 1347 local.
435 1312 493 1348 lib.
510 1315 530 1347 4
555 1313 640 1358 (XII
653 1324 688 1357 p.
705 1313 770 1347 785
788 1312 940 1356 ΚαεΙιπ).
964 1332 1010 1338 -
1030 1314 1066 1355 6)
1091 1311 1146 1353 Cf:
1172 1312 1259 1348 cels.
1282 1314 1315 1356 6,
1331 1314 1362 1354 6,
1378 1314 1436 1347 55.
1459 1313 1491 1355 7,
1506 1312 1538 1356 7,
1555 1312 1611 1347 43.
1651 1310 1766 1345 Scrib.
1782 1310 1893 1354 Lar-g.
1918 1321 1949 1346 c.
1963 1311 2023 1345 ³8.

315 1370 407 1405 Plin.
433 1372 465 1405 Ιι.
483 1381 518 1405 n.
543 1371 599 1411 34,
616 1370 676 1403 444
701 1370 897 1403 remedium
922 1372 1048 1403 contra
1072 1371 1184 1403 initia
1203 1368 1477 1413 glaucomatum
1503 1372 1536 1402 et
1558 1369 1825 1411 suffusionum‚·
1847 1369 1895 1402 ib.
1918 1368 1977 1410 28,
1991 1368 2024 1402 7.

313 1428 374 1470 32,
389 1430 450 1463 55.
467 1447 511 1453 -
535 1429 570 1469 7)
597 1426 650 1467 cr.
667 1427 712 1462 Ν.
725 1428 824 1462 8759.
841 1446 886 1452 -—
911 1427 945 1470 8)
972 1425 1171 1472 Collyrium
1187 1438 1234 1460 ex
1250 1437 1334 1460 suco
1353 1426 1576 1460 chelidoniae
1591 1426 1738 1468 herbae,
1763 1424 1812 1466 cl:
1828 1423 1920 1460 Plin-
1937 1425 1972 1460 Ιι.
1986 1434 2022 1459 n.

310 1485 369 1527 23,
384 1486 439 1520 89.
454 1486 510 1520 90.
535 1503 580 1510 --
604 1486 639 1526 9)
665 1484 977 1528 Opobalsamatum
1002 1482 1051 1524 cs.
1077 1483 1123 1518 N.
1139 1484 1249 1526 8742‚·
1275 1481 1665 1523 Villel'osse-leedenat
1685 1493 1722 1527 p.
1737 1482 1803 1517 443
1814 1492 1885 1527 seq.

422 1587 537 1635 8735
577 1589 621 1630 L.
643 1590 791 1631 Antoni
813 1589 983 1643 Epicteti
1008 1589 1016 1640 Ι
1043 1589 1283 1643 dialcpidos¹
1315 1589 1362 1630 ad
1383 1588 1476 1629 dia?
1493 1612 1550 1618 —
1580 1588 1624 1629 L.
1646 1588 1795 1629 Antoni
1815 1588 1987 1643 Epicteti
2010 1585 2020 1644 1

311 1658 544 1711 diamisyos³
573 1658 620 1699 ad
651 1658 703 1699 c.⁴
727 1683 782 1688 —
806 1658 848 1699 L.
870 1659 1019 1698 Antoni
1042 1658 1212 1711 Epicteti
1240 1658 1246 1710 Ι
1273 1657 1489 1698 diarodon⁸
1519 1657 1565 1697 ad
1598 1655 1709 1710 imp.⁸
1729 1679 1779 1686 —
1804 1656 1849 1698 1..
1871 1656 2021 1698 Antoni

310 1726 477 1779 Epicteti
505 1724 510 1780 Ι
537 1726 727 1767 stactum⁷
756 1725 803 1766 ad
834 1726 922 1766 cla!³

423 1793 565 1836 Bagaci
587 1792 806 1827 Nerviorum
824 1791 974 1838 (Bavai)
998 1804 1071 1836 rep.
1098 1792 1202 1834 (XIII
1216 1792 1336 1835 40024,
1353 1793 1398 1827 43
1421 1790 1629 1831 Hirschfeld
1651 1792 1742 1825 vidit
1764 1791 1959 1837 ectypnn).
1975 1810 2022 1817 —

315 1851 346 1891 1)
367 1847 422 1888 Of.
435 1850 638 1884 Dioscorid.
652 1850 672 1883 I
683 1860 719 1894 p.
732 1850 798 1884 752
816 1850 869 1884 ed.
886 1848 1079 1893 sprewa&
1098 1847 1186 1885 Cels.
1197 1849 1234 1892 2,
1246 1849 1302 1890 42,
1315 1849 1354 1891 4,·
1379 1846 1538 1884 Marcell.
1554 1850 1678 1892 empir.
1689 1849 1724 1892 8,
1735 1848 1808 1883 497.
1819 1866 1866 1875 --
1881 1849 1917 1891 2)
1931 1847 2022 1881 Dia-

311 1908 430 1939 thesis.
461 1905 514 1946 ef.
531 1905 576 1941 Ν.
588 1907 683 1941 8744.
700 1926 745 1932 -
769 1908 804 1948 3)
833 1906 886 1946 Ol:
905 1904 1063 1941 Marcell.
1080 1907 1206 1950 empir.
1221 1907 1255 1947 8,
1268 1907 1351 1940 499.·
1375 1903 1568 1950 collyrium
1585 1905 1795 1950 diemisyos,
1818 1905 1917 1949 quod
1927 1903 2022 1946 facit

315 1962 364 1995 ad
385 1963 631 2006 aspritudines
655 1965 839 1998 oculorum
864 1962 1040 1998 tollendas
1063 1966 1099 1996 et
1122 1963 1171 1996 ad
1186 1963 1356 1997 lacrimas
1378 1962 1688 2005 substringenda,
1712 1962 1938 2006 componitur
1957 1964 2019 2006 sic,

313 2022 377 2054 cet.
406 2020 459 2053 De
474 2022 587 2064 misye
602 2020 693 2054 Ptin.
711 2021 744 2054 Ιι.
758 2030 795 2054 n.
809 2021 866 2062 54,
879 2020 943 2054 424
962 2021 1055 2064 misy
1074 2046 1081 2054 .
1096 2046 1103 2054 .
1118 2044 1127 2053 .
1144 2022 1317 2053 extenuat
1333 2022 1367 2052 et
1382 2020 1575 2053 scabritias
1591 2019 1777 2053 oculorum
1792 2020 2021 2054 inveteratas.

314 2075 436 2110 Galen.
453 2076 522 2110 XII
535 2087 571 2120 p.
584 2077 653 2112 226
665 2088 736 2120 seq.
753 2095 798 2101 —
814 2078 849 2119 4)
867 2076 1072 2112 Cicatrices.
1088 2095 1134 2102 —
1158 2078 1192 2118 5)
1209 2072 1280 2113 Διά
1300 2070 1428 2123 ῥόδων
1443 2075 1500 2109 vel
1513 2071 1730 2121 διάρροδον,
1746 2074 1796 2116 cl'.
1814 2075 1937 2111 Galen.
1953 2075 2023 2110 XII

290 2136 298 2145 ·
309 2143 345 2175 7¹·
360 2133 425 2168 765
436 2145 508 2177 seq.
548 2135 672 2167 Aetius
693 2145 729 2177 p.
745 2136 777 2173 8,
795 2134 836 2168 40
853 2134 905 2168 ed.
924 2134 1151 2176 Hirschberg.
1168 2152 1214 2160 -—
1238 2134 1273 2175 6)
1298 2133 1452 2176 Impetus
1469 2132 1534 2177 (sc.
1551 2132 1814 2176 lippitudinis).
1834 2150 1882 2159 -
1905 2134 1940 2176 7)
1965 2131 2020 2173 Cf.

311 2190 356 2225 Ν.
371 2192 470 2224 8742.
494 2209 537 2216 ——
563 2192 597 2234 8)
624 2191 842 2226 Claritatem.

423 2293 538 2339 8736
578 2296 622 2335 Τ.
641 2296 719 2336 Atti
740 2297 901 2337 Divixti¹
924 2295 1202 2351 dialzmyrnes²
1227 2302 1318 2349 post
1338 2297 1431 2349 imp.
1453 2294 1538 2348 lip.⁸
1557 2318 1613 2326 -
1643 2294 1689 2334 T.
1707 2294 1785 2335 Atti
1806 2293 1917 2334 Dvxt.
1933 2294 2020 2340 (sie)

314 2360 536 2416 narldinum
569 2364 614 2403 ad
647 2364 781 2416 impet.
813 2364 880 2418 lip.
912 2388 968 2394 —
997 2365 1041 2404 T.
1074 2365 1153 2405 Atti
1184 2364 1325 2405 Divixti
1355 2359 1580 2417 diamiffsus⁴
1610 2361 1657 2402 ad
1687 2367 1838 2402 veteres
1867 2360 1940 2401 cic.
1964 2383 2020 2390 ——

314 2430 359 2469 T.
392 2431 469 2470 Atti
501 2430 640 2471 Divixti
673 2430 909 2485 diaiiibanu⁵
939 2432 985 2472 ad
1017 2433 1128 2485 imp.⁶
1158 2445 1205 2473 ex
1236 2432 1346 2473 ovo'.

427 2497 540 2540 Apuli
563 2499 601 2531 in
625 2497 745 2532 Dacia
769 2509 843 2542 rep.
871 2498 1044 2542 (1114656
1067 2514 1111 2527 =
1135 2499 1225 2533 XIII
1239 2499 1358 2541 40024,
1375 2499 1418 2533 49
1440 2498 1531 2532 vidie
1551 2497 1770 2543 Mommsen).
1794 2516 1838 2522 —
1866 2497 1898 2539 1)
1922 2494 2020 2530 Note

312 2564 439 2587 nomen
465 2553 650 2589 Gallicum.
686 2574 730 2580 —
766 2556 801 2598 2)
826 2552 900 2592 Διά
925 2553 1101 2603 σμύρνης.
1150 2555 1203 2596 CII
1229 2555 1393 2589 Scribon.
1419 2554 1531 2598 Lar-g.
1554 2565 1583 2589 c.
1607 2555 1675 2596 26,-
1716 2552 1875 2588 Marcell.
1897 2554 1932 2596 8,
1955 2551 2019 2588 244

313 2605 561 2657 (ὀιάσμυρνον
586 2611 708 2646 Galen.
725 2611 795 2646 XII
814 2623 850 2655 p.
866 2612 944 2647 257.
967 2613 1058 2654 774).
1081 2631 1126 2637 -
1151 2614 1184 2655 3)
1210 2612 1381 2657 Impetum
1407 2611 1646 2655 lippitudinis.
1662 2630 1706 2637 —
1730 2613 1765 2652 4)
1791 2609 1846 2651 Cfi
1869 2608 1916 2644 Ν.
1929 2608 2021 2644 87δὸ

312 2669 384 2701 not.
401 2669 436 2702 s.
460 2686 504 2692 —
537 2670 571 2711 5)
596 2664 667 2707 Διὰ
692 2665 863 2717 λιβάνου.
900 2668 955 2709 cf.
974 2669 1106 2711 cetae,
1121 2670 1153 2711 e,
1170 2669 1232 2710 45,-
1265 2666 1427 2703 Mar-0011.
1445 2669 1570 2711 emper.
1585 2669 1619 2710 s,
1634 2669 1712 2703 ιω.
1738 2687 1783 2694 -
1812 2668 1848 2710 ο)
1872 2666 1929 2702 Se.
1954 2666 2022 2710 ap·

311 2725 500 2766 pitudinis.
526 2744 570 2750 —-
597 2728 630 2767 7)
656 2724 711 2765 Cf.
730 2724 815 2762 Cels.
831 2727 864 2770 6,
879 2727 911 2769 6,
927 2728 971 2761 8.·
995 2726 1103 2759 leniri
1118 2726 1414 2760 medicamentum
1439 2725 1538 2759 debet
1553 2725 1695 2759 adiecto
1719 2723 1803 2759 albo
1821 2725 1901 2765 ovi5
1925 2723 1972 2757 ib.
1986 2723 2019 2763 0,

311 2781 342 2820 6,
359 2781 399 2813 9:
427 2792 473 2814 ex
497 2781 589 2815 lacte
613 2785 676 2815 aut
701 2792 778 2816 ovo.
827 2782 985 2817 Marcell.
1009 2783 1042 2826 8,
1059 2782 1140 2816 ⁴17.-
1164 2793 1211 2815 σω
1236 2791 1301 2815 ουο
1326 2784 1462 2816 tritum.

424 2894 538 2942 8737
598 2896 639 2938 C.
672 2897 727 2938 Cl.
757 2898 949 2940 lmmunis
978 2894 1178 2954 diaplsor.¹
1211 2898 1319 2953 opo.²
1349 2899 1395 2939 ad
1427 2897 1606 2939 claritat.⁸
1636 2921 1693 2928 —
1723 2896 1765 2938 C.
1788 2895 1844 2938 ct.
1871 2893 2019 2935 Immu-

316 2964 378 3006 nis
409 2962 627 3020 penicillte’
657 2965 703 3006 ad
733 2966 868 3020 impet.
892 2967 1018 3020 lippit.
1050 2979 1097 3008 ex
1127 2967 1231 3008 ovo.⁴
1254 2990 1310 2998 -—
1332 2967 1372 3008 C.
1395 2966 1451 3007 ct.
1473 2966 1666 3008 Immunis
1696 2958 1912 3020 coeno[n]⁸
1935 2958 1946 3017 Ι
1968 2959 2018 3002 ad

311 3044 416 3085 aspr.
438 3039 477 3073 et
497 3033 705 3075 claritates.
728 3058 783 3065 -—
813 3031 874 3091 [C.
900 3032 978 3091 C]t.
1000 3035 1192 3076 Immunis
1221 3032 1478 3090 diasmyrlnes
1504 3041 1594 3088 post
1614 3034 1708 3088 imp.
1730 3033 1825 3087 lipp.
1846 3043 1895 3073 ex
1915 3029 2019 3071 ovo.⁴
