2196 3412
333 224 415 263 822
1066 227 1185 273 Caput
1208 226 1305 263 XVI.

331 355 378 369 =
401 339 596 374 Buecheler
619 350 729 373 eamn.
753 341 868 383 epigr.
891 351 928 374 π.
953 341 1027 378 474,
1061 341 1157 383 quoa
1179 341 1310 375 desinit
1332 343 1407 375 tic.-
1441 343 1515 384 [ille
1538 345 1666 385 artelm
1691 343 1807 386 digitis
1831 353 2041 389 nummoque

334 396 479 439 probare
503 397 650 440 peritus,
682 399 741 438 [eoe
765 399 920 440 ratione]
945 408 1009 431 suo
1033 398 1239 441 cognomine
1263 397 1375 432 dictus
1399 398 1575 434 Paternus.

447 499 584 546 7755*
627 501 723 541 Iulia
754 501 992 543 Felicissima
1024 502 1176 543 Lucilio
1206 502 1411 544 Victorino
1441 504 1602 556 coniugi
1633 503 1640 559 Ι
1675 505 1825 557 optimo
1856 510 1896 545 et
1924 505 2043 546 inno·

335 570 583 618 centissimo,
622 581 712 609 cum
745 582 824 621 quo
855 583 929 623 per
969 569 976 626 Ι
1016 583 1144 612 annos
1173 570 1259 611 XVI
1294 583 1452 625 semper
1481 571 1585 612 bona
1624 572 1699 612 vita
1731 572 1833 621 bixi‚
1872 573 1922 613 de
1951 584 2044 626 par·

334 636 426 677 bula
466 634 473 691 Ι
514 637 824 679 mediocritatem
864 645 1038 680 nostram
1074 639 1195 691 digno
1226 639 1322 687 reci,
1362 639 1542 679 omnium
1582 637 1589 694 Ι
1627 639 1833 681 hominum
1868 641 2043 682 sodalicii

335 705 520 757 magister
558 712 598 745 et
635 706 827 753 hortator,
868 705 874 761 Ι
915 708 1014 748 mire
1059 707 1247 748 bonitatis
1285 713 1324 747 et
1362 706 1592 747 innocentie
1636 719 1739 747 omo.
1799 707 2048 765 Depositus}

333 771 437 811 xvn
467 771 542 812 kal.
574 774 696 826 Aug.;
738 774 802 815 hic
834 776 972 815 artifex
1003 776 1097 816 artis
1126 770 1350 815 tessaiarie¹
1377 775 1384 825 Ι
1411 774 1568 815 lusorie.

446 837 578 872 Romae
601 839 678 884 (VI
695 843 784 876 9927
806 843 913 876 semel
936 842 1115 895 descrz‘pfg
1139 852 1229 876 saec.
1246 841 1379 885 XVII).
1404 860 1450 866 —
1475 841 1508 884 1)
1538 840 1780 876 Peneum-tae.

448 929 558 978 7756
836 937 912 976 hoc
942 937 1018 975 hoc
1047 935 1274 988 sepulcrum
1306 934 1473 987 respice,

833 1005 902 1056 qui
930 1016 1089 1045 carmen
1123 1010 1162 1044 et
1191 1003 1321 1044 Musas
1351 1014 1471 1051 amas,

836 1078 876 1112 et
907 1078 1040 1112 nostra
1071 1074 1275 1112 communi
1304 1071 1390 1122 lege

835 1140 1073 1181 lacrimanda
1106 1140 1220 1180 titulo
1253 1139 1427 1179 nomina.

798 1215 819 1248 5
838 1209 937 1249 Nam
969 1209 1084 1250 nohis
1114 1209 1249 1262 pueris
1279 1207 1397 1248 simul

838 1291 903 1319 ars
935 1279 1057 1327 varia,
1096 1290 1169 1330 par
1198 1283 1304 1317 aetas
1339 1281 1436 1316 erat.

838 1346 921 1399 Ego
952 1347 1189 1388 consonanti
1220 1345 1350 1385 fistula

838 1415 1026 1456 Sidonius
1056 1415 1157 1455 acris
1188 1420 1444 1468 perstrepens

843 1553 929 1593 Hoc
959 1564 1134 1599 carmen,
1166 1550 1262 1590 haec
1287 1561 1368 1597 ara,
1398 1548 1461 1588 hic
1482 1547 1583 1588 cinis

785 1629 822 1662 10
843 1621 957 1675 pueri
987 1619 1217 1673 sepulcrum
1248 1613 1439 1673 Xantia[el
1472 1612 1577 1672 es[t]‚

844 1690 914 1742 qui
943 1695 1072 1730 morte
1103 1687 1243 1728 acerba
1275 1692 1411 1739 raptus
1441 1691 1517 1732 est,

842 1760 918 1799 iam
950 1759 1090 1798 doctus
1119 1756 1161 1796 in
1192 1753 1428 1807 compendia

844 1833 904 1867 tot
931 1826 1137 1866 literarum
1174 1830 1214 1864 et
1243 1822 1451 1864 nominum

848 1902 986 1935 notare
1016 1893 1194 1934 currenti
1222 1891 1326 1940 stilo,

789 1970 827 2002 15
846 1963 952 2015 quod
969 1965 1060 2010 (sic)
1089 1961 1223 2013 lingua
1254 1970 1421 2000 currens
1451 1956 1614 1997 diceret.

848 2032 927 2071 {am
958 2043 1075 2071 nemo
1107 2034 1315 2082 superaret
1343 2027 1492 2079 legens,

847 2101 923 2140 iam
955 2111 1051 2140 voce
1082 2098 1167 2139 erili
1197 2102 1385 2149 coeperat

848 2169 894 2208 ad
929 2164 1076 2224 [om]ne
1105 2166 1295 2206 dictatum
1325 2163 1461 2203 volans

851 2250 988 2277 aurem
1019 2235 1172 2276 vocari¹
1204 2240 1244 2275 at
1273 2232 1506 2286 proximam.

790 2313 829 2346 20
849 2306 936 2347 Heu
967 2311 1094 2345 morte
1124 2315 1294 2357 propera
1326 2300 1500 2342 concidit

852 2386 993 2413 arcana
1024 2373 1092 2425 qui
1121 2372 1231 2412 solus
1259 2370 1320 2411 sui

851 2442 1023 2482 sciturus
1055 2471 1065 2481 .
1088 2470 1098 2480 .
1122 2440 1148 2480 .²
1177 2438 1328 2480 domini
1359 2437 1445 2477 fuit.

468 2511 636 2546 Coloniae
658 2510 897 2553 Agrippinae,
927 2518 1001 2551 rep.
1027 2518 1059 2542 a.
1077 2507 1164 2541 4643
1194 2507 1234 2539 in
1264 2505 1413 2539 ecclesia
1436 2502 1473 2538 S.
1496 2500 1662 2543 tlt-sutae,
1690 2500 1753 2533 ubi
1782 2498 1898 2532 denuo
1926 2497 2066 2542 modia

353 2580 449 2605 anno
465 2569 561 2610 4904,
587 2568 717 2601 litter-is
742 2566 842 2599 tertii
862 2567 985 2609 potius
1008 2564 1064 2598 vel
1087 2564 1223 2607 quarti,
1248 2571 1356 2606 quam
1371 2559 1519 2593 secunda·
1541 2570 1578 2601 p.
1595 2557 1676 2592 cler.
1692 2556 1829 2590 saeculi
1845 2555 2063 2596 (Brambaek

352 2627 445 2668 325,-
473 2624 710 2667 Kltnkenberg
722 2633 807 2658 ann.
820 2622 934 2656 Bonn.
947 2622 1058 2666 408s9,
1073 2620 1159 2655 4902
1175 2630 1212 2663 p.
1226 2619 1299 2660 440,
1323 2617 1458 2651 Archiv
1471 2614 1501 2655 Γ.
1516 2614 1781 2657 Stenograpkie
1793 2613 1881 2648 1903
1894 2623 1930 2656 ρ.
1942 2613 1968 2648 8
1984 2622 2066 2646 eun

356 2686 448 2726 tab.,·
470 2682 549 2717 vidi
567 2682 763 2724 imaginem
784 2677 1141 2723 photographicam).
1189 2674 1383 2710 Buecheler·
1398 2683 1509 2707 carm,
1526 2673 1640 2715 epigr.
1657 2670 1736 2705 219.
1776 2669 1928 2704 cannen
1950 2668 2065 2714 sepul·

357 2742 454 2776 cralo
469 2739 647 2774 Xanthiae
663 2739 801 2771 notarii
817 2747 871 2772 vv.
885 2736 1000 2770 9—22
1009 2747 1023 2776 ,·
1049 2737 1170 2778 postea
1188 2732 1319 2765 litter-ie
1335 2729 1523 2773 aliquanto
1538 2728 1740 2761 minoribus
1756 2726 1918 2760 additum
1935 2725 2067 2759 sini&

357 2799 529 2833 carminis
546 2796 588 2829 do
606 2795 766 2836 Sidonio,
782 2795 846 2838 qui
861 2802 1050 2827 comer-vus
1063 2789 1242 2825 Xanthia
1258 2786 1394 2828 suerat,
1409 2786 1641 2829 principium.
1674 2782 1859 2817 Tractavit
1877 2783 1915 2819 0.
1929 2781 2067 2817 Ruben-

357 2856 446 2889 sohu
461 2854 596 2888 Archiv
612 2850 641 2892 sl
659 2851 921 2894 Stenographie
936 2849 1018 2883 4904
1041 2859 1077 2892 p.
1092 2848 1116 2882 2
1141 2850 1176 2880 et
1199 2855 1316 2889 nuper·
1338 2843 1425 2877 ibid.
1442 2843 1529 2877 4903
1548 2852 1587 2885 p.
1601 2842 1664 2876 404
1676 2851 1746 2884 seq.
1770 2859 1815 2865 —
1842 2841 1873 2882 1)
1896 2839 1959 2875 Sie
1981 2848 2068 2882 apo-

355 2911 538 2956 graphum
561 2911 773 2952 antiquum5
795 2907 936 2950 ..ogeri
962 2906 1105 2939 videtur·
1128 2914 1201 2937 esse
1216 2904 1256 2935 in
1272 2901 1431 2943 imagine
1453 2899 1751 2943 photographfca.
1774 2916 1819 2922 —
1844 2898 1877 2938 2)
1902 2895 2067 2940 Spatium

358 2978 510 3003 vacuum
541 2965 698 3011 (crucem
721 2965 788 2998 Ιιοο
812 2964 890 2997 loco
914 2963 1057 2996 exhibet
1079 2962 1142 3004 qui
1164 2959 1354 3001 descripsit
1377 2966 1465 2990 saec.
1484 2955 1591 2990 XVII
1614 2954 1824 2995 Ονοηιὸαοὴ,
1854 2962 1945 2997 quae
1965 2953 2067 2996 picea

360 3028 500 3059 tantum
524 3023 668 3057 videtur
689 3020 801 3062 fuine
823 3031 871 3055 sc.
895 3031 919 3054 a
945 3018 1160 3054 Christianis
1183 3018 1247 3060 qui
1271 3014 1426 3058 lapidem
1451 3010 1723 3056 adhibuerunt).

477 3078 738 3121 Confer-endum
770 3081 821 3111 est
851 3086 995 3111 carmen
1023 3074 1179 3109 Ausonii
1199 3067 1257 3105 ‘in
1287 3063 1488 3104 notarium'
1518 3069 1670 3114 (Amen.
1695 3069 1808 3112 epigr.
1830 3064 1936 3107 446).·
1976 3064 2070 3098 Puer

361 3142 529 3173 notar-um
551 3139 757 3181 praepetum
782 3134 907 3168 soum
930 3133 1105 3173 minister,
1137 3129 1266 3164 advola
1290 3131 1357 3163 σω.
