2190 3406
304 128 388 168 968
1032 126 1152 173 Caput
1173 126 1308 163 xvm.

1013 240 1293 304 Horologia.

418 332 534 379 8642
593 330 829 389 [by-amaus*

661 396 900 455 [1]anuarius

659 466 898 507 Februarius

661 534 824 574 Martius
885 555 889 558 ·

658 602 805 654 Aprilis
837 625 887 632 —
921 603 1242 655 aequinoctialis¹

662 667 838 727 [MJaius]

661 735 863 796 [Iu]n[i]us
899 747 1104 794 (caniculae
1127 748 1268 793 figura)

594 803 869 862 [solst]itialis¹.

421 883 651 927 Carthagine,
678 885 800 919 tabula
823 895 1027 918 marmorea
1052 883 1231 929 (Comptes
1245 884 1379 918 rendus
1403 884 1445 918 de
1469 885 1614 919 l’Acad.
1639 885 1700 919 des
1715 886 1826 919 inser.
1841 884 1928 920 4899
1943 885 2017 920 tab.

304 941 355 975 ad
373 951 410 984 p.
426 942 474 975 58
497 956 542 969 ε-
565 940 685 975 Museo
709 941 763 976 St.
779 941 890 975 Louis
914 941 953 975 II
973 943 1043 976 tab.
1066 942 1125 984 20,
1146 940 1198 986 ὅ).
1235 960 1281 966 -
1317 942 1350 984 1)
1382 940 1438 976 Se.
1464 941 1571 976 linea.
1622 941 1805 976 Vocabula
1835 943 1923 976 haee
1954 941 2018 976 ad-

305 1001 440 1041 scripta
466 998 515 1031 ad
537 997 650 1031 lineas
672 1007 763 1040 quas
785 999 888 1040 sequi
910 998 1055 1032 debebat
1076 998 1204 1031 umbra
1224 1000 1419 1040 gnomonis
1443 996 1551 1043 (stili)
1575 997 1650 1031 illis
1674 999 1892 1042 temporibus
1915 1000 2016 1034 anni.

307 1054 482 1088 Similiter
511 1056 550 1087 in
581 1053 780 1097 horologiis
810 1053 935 1088 Kaibel
959 1055 1036 1089 705.
1066 1054 1163 1090 4507.
1193 1054 1296 1089 4507·
1327 1064 1364 1098 p.
1387 1056 1468 1098 699,
1519 1054 1621 1090 Grut.
1652 1055 1730 1096 435,
1755 1057 1782 1090 5
1804 1069 1850 1084 -ι
1872 1054 2020 1090 Notisie

305 1110 403 1154 degli
424 1112 524 1144 seam·
546 1110 637 1145 4885
657 1112 755 1154 ρ.48
784 1109 867 1156 (pro
897 1113 1070 1145 mensium
1100 1111 1286 1145 vocabulis
1314 1121 1387 1144 non
1411 1122 1499 1145 raro
1525 1114 1648 1155 posita
1671 1115 1756 1145 sunt
1783 1111 1843 1145 vel
1868 1121 1949 1146 cum
1970 1113 2021 1146 iis

306 1169 499 1201 coniuncta
511 1170 659 1201 nomina
675 1171 863 1211 signorum
876 1168 1078 1202 caelestium
1085 1177 1100 1212 ,·
1119 1167 1197 1201 sola
1212 1168 1388 1201 mensium
1399 1168 1571 1202 vocabula
1585 1167 1620 1202 Χ
1627 1168 1724 1210 8074,
1733 1168 1791 1202 25.
1816 1165 1892 1203 XV
1897 1168 2018 1211 7205).

305 1224 453 1257 stanter
477 1225 541 1258 has
565 1225 678 1258 lineas
701 1228 898 1258 menstruas
925 1223 990 1266 (cf.
1017 1225 1158 1259 Vitruv.
1179 1225 1212 1266 9,
1235 1224 1268 1267 7,
1290 1224 1333 1258 7.·
1356 1221 1541 1258 ‘hibernas
1564 1225 1676 1258 tineas
1699 1249 1708 1259 .
1725 1249 1735 1259 .
1758 1225 1834 1258 sive
1856 1249 1889 1259 ..
1910 1226 2019 1259 aesti-

305 1291 368 1314 vas
384 1306 393 1316 .
411 1305 420 1315 .
438 1305 447 1315 .
464 1282 539 1314 sive
562 1280 855 1324 aequinoctiales,
879 1283 944 1314 aut
966 1283 1076 1314 etiam
1093 1307 1102 1316 .
1121 1307 1129 1316 .
1147 1306 1156 1315 .
1173 1275 1413 1326 menstruas’)
1438 1282 1572 1315 adsunt
1594 1282 1634 1314 in
1657 1282 1724 1315 hoc
1748 1281 1951 1324 horologio,
1978 1285 2021 1316 ut

305 1339 345 1371 in
368 1338 520 1381 reliquis
540 1338 728 1381 similibus,
754 1337 871 1372 lineae
894 1338 1066 1371 horariae
1091 1337 1318 1382 (plerumque
1340 1338 1516 1379 undecim,
1540 1339 1580 1370 in
1597 1339 1663 1371 hoc
1687 1339 1844 1381 quinque
1867 1341 2019 1379 tantum,

306 1392 355 1434 cf.
371 1393 492 1436 infra)
517 1396 645 1437 quibus
662 1394 778 1428 lineae
801 1394 887 1427 illae
902 1397 1106 1428 menstruae
1128 1396 1168 1428 in
1191 1397 1313 1437 partes
1336 1394 1523 1428 duodecim
1546 1393 1602 1439 (in
1619 1395 1686 1428 hoc
1700 1397 1827 1429 nostro
1842 1395 1883 1428 in
1895 1397 2021 1439 partes

305 1449 383 1496 sex)
400 1454 591 1495 secantur‚·
615 1452 671 1484 his
689 1451 794 1484 lineis
809 1451 967 1485 adscribi
990 1451 1164 1484 debebant
1186 1452 1330 1485 numeri
1349 1452 1536 1494 horarum,
1559 1451 1622 1485 sed
1644 1453 1679 1484 ei
1702 1453 1846 1485 numeri
1863 1451 2020 1496 plerum·

307 1517 374 1550 que
399 1509 520 1540 omissi
534 1511 630 1551 sunt,
652 1508 791 1542 scilicet
805 1507 916 1548 facile
932 1509 1155 1550 cogitatione
1170 1507 1330 1551 suppleri
1342 1510 1523 1552 poterant,
1547 1509 1680 1542 adsunt
1695 1511 1814 1542 tamen
1831 1506 1965 1543 Graece
1978 1510 2020 1543 in

307 1565 495 1607 horologio
511 1563 634 1598 Kaibel
650 1565 672 1598 l.
687 1575 716 1600 e.
731 1565 805 1608 745,
825 1562 874 1604 cf.
889 1565 988 1598 anth.
1001 1564 1076 1599 Pal.
1089 1565 1142 1607 40,
1154 1565 1210 1599 45.
1242 1564 1417 1608 Pleraque
1429 1568 1548 1598 autem
1561 1565 1751 1608 horologia
1764 1565 2020 1608 adscriptione-

307 1622 372 1654 bus
388 1621 494 1654 huius
506 1622 652 1663 generis
673 1621 782 1664 plane
806 1621 977 1654 destituta
993 1624 1077 1654 sunt
1093 1619 1154 1666 (Ν.
1166 1622 1255 1656 8645
1266 1634 1279 1663 ,·
1301 1623 1386 1654 item
1401 1631 1513 1665 supra
1530 1620 1576 1656 Ν.
1587 1621 1704 1667 5649).
1757 1620 1812 1662 (7Ῑῖ
1828 1622 2020 1657 Ardaillon

301 1673 568 1720 ‘horologium’
591 1677 830 1723 (Daremberg
847 1681 882 1711 et
898 1678 1025 1722 Saglio
1050 1678 1294 1712 dictionnaire
1317 1678 1379 1711 des
1401 1676 1597 1722 antiquitis
1621 1679 1676 1712 111
1690 1679 1710 1713 4
1731 1689 1769 1723 p.
1784 1678 2020 1724 256809).-

307 1735 545 1777 Horologium
562 1735 628 1768 hoc
649 1734 958 1779 Carthaginiense,
981 1737 1056 1768 sive
1076 1736 1199 1779 potius
1222 1734 1405 1778 horologii
1425 1746 1514 1779 pars
1537 1735 1698 1778 dimidia,
1723 1734 1772 1775 el'.
1797 1745 1890 1779 quae
1911 1746 2020 1780 esopo·

304 1793 380 1825 suit
412 1790 580 1836 Tannery
610 1794 764 1834 comples
786 1791 919 1824 rendus
943 1791 966 1825 1.
991 1801 1018 1826 e.
1043 1802 1081 1835 p.
1103 1793 1152 1827 59
1162 1802 1251 1836 seq„
1287 1791 1591 1825 antemeridianas
1615 1792 1723 1825 horas
1752 1794 1893 1826 tantum
1922 1802 2022 1827 mon·

304 1849 455 1890 strabat,
479 1858 649 1882 conversa
673 1848 811 1881 scilicet
825 1849 999 1881 orientem
1022 1850 1118 1881 inter
1141 1851 1177 1882 et
1198 1847 1384 1881 meridiem
1399 1857 1544 1889 versus5
1567 1848 1683 1882 altera
1698 1858 1797 1892 pars,
1820 1859 1913 1893 quae
1925 1852 2021 1894 post-

306 1905 527 1938 meridianas
551 1905 659 1938 horas
683 1907 917 1947 monstraret,
947 1914 1118 1938 conversa
1143 1904 1257 1945 s'uisse
1277 1904 1443 1948 putanda
1466 1907 1520 1938 est
1540 1905 1726 1938 meridiem
1752 1906 1851 1939 inter
1873 1908 1909 1939 et
1930 1909 2023 1940 occi-

308 1962 447 1995 dentem
470 1971 605 2004 versus,
635 1971 746 2004 eaque
767 1963 844 1994 sine
867 1961 976 1995 dubio
1000 1962 1224 2005 reliquorum
1247 1963 1422 1998 mensium
1444 1963 1593 1995 nomina
1617 1962 1780 1997 habebat.
1824 1961 2022 1997 Limam

308 2018 437 2052 duetus
462 2017 689 2061 (praesertim
712 2018 996 2062 menstruarum)
1026 2019 1179 2052 multum
1203 2020 1324 2053 abesse
1353 2020 1393 2052 in
1416 2019 1483 2053 hoc
1506 2019 1694 2062 horologio
1719 2030 1741 2053 a
1765 2020 2022 2054 mathematica

307 2077 460 2108 veritate
484 2076 654 2118 eaeposuit
681 2073 849 2119 Tannery
874 2077 1001 2118 eompt.
1027 2075 1126 2110 rend.
1152 2075 1175 2110 Ι.
1193 2086 1223 2110 c.

421 2154 536 2201 8643
583 2166 831 2210 (horologium
854 2167 958 2200 solito
982 2177 1081 2200 more
1105 2167 1344 2211 descriptum.-
1369 2167 1484 2200 lineae
1500 2167 1670 2202 horariae
1693 2167 1875 2213 undecim,
1899 2170 2021 2212 aequi-

307 2237 420 2269 noctii
451 2238 485 2267 et
516 2235 754 2269 solstitiorum
785 2238 876 2278 tres,
913 2236 1011 2270 locus
1041 2246 1181 2280 quoque
1214 2235 1294 2269 stili
1324 2238 1556 2279 agnoscitur-5
1589 2235 1708 2281 infra)
1745 2226 1796 2268 Μ.
1828 2226 2022 2268 Antistius

308 2293 496 2346 Euporus
526 2293 631 2332 feeit.
674 2302 796 2347 (circa
812 2314 879 2347 per
896 2305 1029 2347 urbm)
1055 2294 1212 2344 Auster,
1243 2294 1412 2343 Africus,
1445 2294 1630 2342 Fannius,
1661 2295 1818 2347 Aquilo,
1849 2295 2020 2348 Septen·

310 2360 399 2408 trio,
433 2360 590 2408 Boreas,
623 2360 844 2408 Desolinus‚
875 2361 1041 2402 Eums'.

427 2425 562 2459 Tabula
578 2437 791 2469 marmorea,
816 2438 891 2471 rep.
906 2430 1133 2471 superposita
1150 2428 1347 2462 columellis
1362 2428 1502 2462 duabus
1526 2428 1734 2472 (horologia
1751 2427 2023 2463 collocabantur

320 2494 345 2516 n
369 2482 578 2524 columellis,
604 2482 652 2523 cs.
678 2493 789 2527 supra
812 2482 863 2518 N.
879 2484 981 2528 7870)
1001 2495 1116 2528 prope
1138 2485 1344 2529 Aquileiam
1368 2484 1525 2526 (Kenner
1547 2484 1664 2519 Mitth.
1688 2484 1721 2520 d.
1747 2484 1781 2519 le.
1798 2484 1832 2520 k.
1859 2484 2020 2519 Central·

311 2540 542 2573 Commissc’on
567 2539 654 2573 4880
675 2550 711 2583 p.
727 2540 771 2583 7,·
793 2540 876 2574 Pais
898 2550 935 2574 n.
951 2541 1036 2583 2045
1062 2540 1109 2581 es.
1135 2541 1258 2575 Kaibel
1279 2541 1399 2576 Herm.
1416 2542 1472 2583 20,
1496 2541 1586 2575 4885
1606 2551 1643 2585 p.
1658 2539 1754 2585 624).
1778 2559 1824 2567 —
1858 2542 1891 2585 1)
1917 2541 2022 2576 Orbis

309 2599 496 2630 ventorum
520 2598 628 2630 etiam
653 2596 742 2630 alibi
765 2598 978 2631 coniunctus
1001 2607 1081 2631 cum
1104 2598 1303 2641 horologiis
1320 2597 1447 2641 (Varr.
1465 2608 1496 2632 r.
1508 2608 1539 2632 r.
1554 2599 1591 2639 5,
1606 2599 1641 2640 5,
1657 2597 1724 2643 47),
1749 2601 1791 2632 ut
1805 2598 1911 2632 hodie
1934 2609 2020 2643 quo-

310 2664 378 2697 que
401 2656 600 2687 cernuntur
617 2652 813 2687 Ventorum
836 2654 1014 2697 imagines
1036 2656 1071 2686 et
1093 2655 1239 2688 nomina
1263 2655 1302 2687 in
1320 2654 1508 2698 horologio
1525 2654 1622 2698 quod
1636 2654 1787 2688 Athenis
1809 2656 1910 2689 turri
1923 2658 2021 2689 oeta-

307 2720 427 2753 gonae
442 2711 633 2753 insculpsit
649 2710 879 2744 Andronicus
896 2709 1079 2756 Cyrrestes
1095 2710 1235 2751 (Varro
1253 2710 1273 2745 l.
1292 2720 1333 2752 c.‚
1359 2710 1502 2746 Vitruv.
1517 2710 1550 2754 4,
1564 2713 1597 2754 6,
1613 2712 1644 2755 4,
1668 2711 1797 2746 Stuart
1810 2710 1887 2746 and
1897 2709 2022 2746 Remu

311 2768 520 2809 antiquitIes
536 2765 584 2806 of
594 2768 729 2801 Athens
746 2767 765 2801 1
779 2778 857 2811 cap.
874 2766 947 2812 111)
953 2780 968 2809 ‚·
990 2766 1083 2801 adde
1101 2766 1203 2802 Grut.
1219 2766 1298 2810 453,
1313 2768 1339 2803 5
1355 2781 1399 2796 -ι
1416 2766 1561 2801 Notisie
1577 2767 1675 2811 degli
1689 2770 1789 2802 scavi
1803 2767 1895 2803 4885
1905 2765 2020 2813 ρ.48,’

310 2823 354 2857 F.
372 2823 473 2856 Peter
497 2823 579 2857 diss.
601 2825 703 2857 acad.
720 2823 901 2859 archaeol.
914 2822 1049 2868 pontif.
1074 2824 1093 2857 1
1112 2824 1136 2858 2
1158 2833 1195 2867 p.
1219 2823 1266 2857 23
1279 2834 1350 2867 seq.
1376 2823 1488 2868 (deest
1511 2827 1587 2858 tam
1613 2824 1647 2859 C.
1662 2825 1690 2859 1.
1705 2824 1766 2859 Gr.
1790 2834 1898 2869 quaa
1921 2823 2021 2869 apud

313 2878 467 2921 heim).
516 2879 712 2913 Ventorum
739 2881 885 2914 nomina
916 2880 1109 2915 secundum
1133 2881 1224 2915 caeli
1247 2883 1413 2924 regiones
1437 2882 1608 2925 disposita
1633 2884 1742 2915 etiam
1766 2881 1890 2916 Kaine!
1909 2882 2018 2914 inser.

314 2935 373 2971 Gr.
392 2936 492 2971 Sicil.
511 2937 590 2971 nal,
607 2938 672 2971 906
690 2936 748 2982 (-
764 2937 799 2971 Χ
810 2936 924 2980 6449).
941 2937 1041 2972 4508.
1079 2937 1130 2971 De
1146 2941 1330 2971 ventorum
1347 2938 1645 2982 appellationibus
1662 2940 1697 2971 et
1710 2939 1803 2971 serie
1826 2935 1874 2978 cf.
1893 2935 2019 2971 Raiba!

312 2992 430 3027 Herm,
453 2994 510 3035 20,
534 2993 621 3027 4883
642 3004 679 3037 p.
694 2994 760 3028 579
771 3004 842 3038 seq.
