2190 3406
1472 128 1496 145 q

324 157 411 196 954
1052 154 1173 200 eaput
1194 152 1330 189 XVIII.

438 269 554 316 8573
613 271 814 312 Caediciae
840 268 847 325 Ι
873 270 924 310 Μ.
956 269 981 309 f.
1010 267 1212 309 victricis¹
1243 277 1334 319 (alio
1359 277 1453 323 1000)
1485 269 1672 310 Martialis
1698 268 1704 324 Ι
1730 281 1809 310 ser.

439 338 482 371 In
514 338 604 371 collo
635 338 846 380 amphorae,
882 335 1015 370 Itomae
1042 345 1135 378 νειμ,
1169 336 1383 378 impressum
1419 333 1510 379 (XV
1530 337 1623 371 3424
1657 336 1747 369 vidit
1778 335 1951 378 Dressel).
1988 354 2036 363 —

326 396 359 438 1)
383 395 479 429 Idem
503 404 631 427 nomen
653 403 765 436 prope
789 403 914 425 ansam
935 393 1031 425 vasis
1047 393 1173 435 magni
1190 390 1497 434 Carthaginiensis
1521 392 1630 432 (VIII
1641 392 1768 434 22637,
1782 392 1863 436 23),
1885 391 2037 426 Flos-m-

325 453 399 485 tiae
423 461 562 494 quoque
592 452 627 482 et
656 450 696 481 in
721 448 828 481 litore
853 448 1032 483 Fundano
1062 448 1157 481 idem
1179 458 1325 488 nomen,
1356 449 1396 481 in
1420 448 1604 491 amphoris
1632 452 1674 482 ut
1694 451 1797 492 puto,
1825 448 1955 482 lectiam
1982 450 2036 483 est

325 507 395 552 (XI
406 508 503 548 6695,
519 507 579 541 23.
602 505 635 539 Χ
648 503 770 549 6252).
819 505 955 538 Eadem
978 504 1110 538 mulier
1133 503 1291 547 Neapoli
1317 506 1359 536 ut
1382 503 1527 538 videtur
1550 504 1731 539 dedicavit
1751 505 1897 538 titulum
1919 504 2035 539 Inser-

326 563 449 598 Graec.
469 562 569 596 Sicil.
586 561 665 595 Ital.
681 561 763 595 722.
802 561 972 595 Fortasse
987 561 1108 595 eadem
1129 560 1298 596 Caedicia
1316 571 1349 594 a.
1364 570 1400 603 p.
1419 559 1500 595 Chr.
1516 563 1560 596 65
1583 561 1690 595 Italia
1705 562 1812 606 pulsa
1828 560 1931 603 (Tae.
1947 571 2035 595 ann.

322 620 377 662 15,
391 617 462 663 71),
486 619 564 651 sine
587 618 695 651 dubio
717 621 842 660 postea
865 619 1045 652 restituta.
1215 616 1219 619 ’

436 710 581 757 8574“
617 712 750 752 Traul.
782 718 821 752 et
852 712 965 753 Cris.¹

438 780 480 813 In
505 780 678 822 anaphora
699 790 815 822 prope
838 779 1087 814 Poetovionem
1110 790 1186 823 rep.
1211 779 1285 823 (III
1305 778 1427 821 12010,
1448 778 1480 812 7.
1515 778 1634 819 14371,
1657 778 1707 822 7).
1740 795 1784 803 -
1821 778 1856 820 1)
1881 776 2035 812 Videtur

323 846 396 869 esse
421 835 643 879 Crispinilla,
668 835 712 868 de
735 846 807 879 qua
831 834 880 876 cf.
905 837 954 870 ad
976 835 1021 870 Ν.
1038 835 1160 878 85745,
1185 846 1265 870 cum
1289 837 1421 869 marito
1445 834 1579 869 Traulo
1603 833 1669 879 (eli
1690 833 1773 869 Tac.
1788 844 1876 868 ann.
1890 833 1945 877 11,
1958 832 2034 878 86).

438 914 587 961 8574b
626 916 704 957 Cal.
737 916 1019 970 Crispinillae1.

438 983 481 1016 In
511 984 693 1027 amphoris
723 983 905 1024 Parentii,
940 984 1152 1025 Visinadae‚
1189 982 1371 1026 Tergeste,
1402 982 1538 1016 Haidin
1563 993 1679 1026 prope
1702 983 1950 1030 Poetovionem
1978 991 2034 1015 re·

321 1041 437 1083 pertis
460 1039 511 1079 (V
524 1039 624 1081 8112,
639 1040 696 1073 24.
720 1039 779 1073 III
799 1039 835 1073 S.
853 1040 974 1084 12010,
989 1041 1012 1075 2
1037 1040 1200 1083 exempla
1229 1039 1392 1082 Tergeste
1416 1039 1608 1072 adservata
1631 1039 1724 1073 vidit
1747 1036 1967 1084 Mammea).
1989 1056 2035 1063 -

327 1097 359 1139 1)
385 1095 544 1129 Litteras
576 1097 806 1139 contignatas
834 1098 887 1130 sic
912 1097 1000 1140 legit
1022 1097 1228 1131 Mommsen.
1275 1096 1342 1130 Est
1362 1098 1439 1129 sine
1463 1097 1571 1130 dubio
1597 1095 1721 1130 Calvia
1748 1094 1957 1139 Crispinilla
1980 1094 2036 1128 aa·-

324 1164 383 1186 ves
407 1155 441 1185 et
460 1155 589 1196 potens
611 1151 759 1194 femina,
791 1153 834 1186 de
857 1163 929 1196 qua
958 1153 1040 1188 Tac.
1057 1155 1138 1188 hist.
1154 1154 1186 1196 1,
1200 1153 1258 1187 73.
1286 1152 1359 1186 Dio
1373 1153 1431 1196 63,
1447 1153 1492 1187 12
1499 1163 1514 1194 ;
1535 1163 1647 1196 supra
1670 1151 1715 1187 N.
1730 1152 1822 1187 7733
1829 1157 1845 1174 ·
1866 1153 1942 1186 not.

439 1255 554 1301 8575
612 1258 678 1309 fig.
711 1254 958 1314 Gemlellian.

438 1324 481 1357 In
498 1325 679 1367 amphoris
691 1324 775 1367 plus
792 1325 910 1358 decem
926 1324 1058 1358 Romae
1082 1328 1116 1358 et
1130 1325 1170 1357 in
1185 1334 1260 1357 una
1283 1326 1320 1357 in
1339 1335 1405 1358 ora
1425 1323 1635 1357 Lusitaniae
1657 1333 1770 1367 prope
1785 1324 1918 1356 ostium
1932 1323 2035 1357 Anae

324 1381 477 1423 repertis
500 1379 583 1419 (XV
597 1380 695 1423 2611,
723 1381 813 1423 Eph.
831 1391 885 1423 ep.
901 1383 934 1423 9,
950 1382 1028 1422 424,
1043 1382 1062 1415 1
1089 1381 1171 1414 illas
1193 1381 1289 1414 vidit
1311 1380 1486 1422 Dressel).

437 1470 580 1517 8576*
618 1474 682 1526 fig.
712 1473 814 1513 Med.

442 1542 484 1572 In
501 1541 683 1582 amphoris
706 1542 782 1573 tam
798 1541 837 1573 in
853 1540 1000 1574 Baetica
1026 1550 1134 1583 quam
1157 1542 1196 1573 in
1219 1542 1309 1574 urbe
1323 1539 1447 1583 Roma,
1471 1542 1555 1573 item
1579 1541 1618 1573 in
1635 1537 1756 1574 Gallia
1774 1537 2038 1582 Germaniaque

324 1598 479 1639 repertis
510 1595 566 1640 (II
580 1597 681 1638 6254,
696 1596 738 1629 17
747 1602 772 1631 ⁸.
803 1596 871 1631 XV
887 1597 986 1632 2615.
1017 1596 1089 1630 XII
1100 1598 1203 1639 5683,
1219 1597 1294 1631 189.
1323 1596 1413 1631 XIII
1427 1597 1550 1641 10002,
1564 1597 1625 1631 22.
1662 1596 1755 1640 Eph.
1772 1605 1825 1639 ep.
1839 1595 1874 1639 9,
1887 1595 1966 1636 tu,
1981 1596 2037 1637 ὅ).

326 1653 368 1686 In
391 1652 475 1686 aliis
500 1656 574 1685 tam
600 1651 728 1686 Romae
752 1663 860 1696 quam
883 1655 924 1687 in
943 1653 1092 1687 Baetica
1116 1655 1270 1696 repertis
1293 1656 1347 1687 est
1368 1652 1515 1688 Medien.
1539 1654 1597 1687 vel
1618 1651 1786 1687 Mediane-
1811 1651 1921 1696 (Epic.
1938 1650 2037 1693 l.c.).

327 1708 380 1750 CI:
406 1710 456 1743 ad
477 1720 554 1742 eam
579 1720 670 1752 quae
691 1711 865 1752 sequitur.

441 1786 588 1834 8576b
630 1790 676 1837 Q.
707 1790 750 1830 F.
781 1790 846 1831 R.¹
876 1791 977 1831 Med.

441 1858 483 1890 In
513 1854 696 1900 amphoris
722 1868 788 1890 sex
816 1856 947 1890 Romae
983 1859 1021 1891 in
1050 1861 1169 1890 monte
1202 1856 1366 1890 Testaceo
1401 1858 1571 1899 repertis,
1604 1858 1690 1889 item
1719 1857 1759 1889 in
1790 1865 1865 1889 una
1894 1857 2038 1898 reperta

326 1915 420 1949 Pena
437 1914 480 1947 de
498 1914 535 1947 ta
552 1913 616 1947 Sal
630 1913 808 1955 Baeticae,
832 1915 895 1947 ubi
909 1913 985 1954 fuit
1000 1915 1100 1948 Arva
1118 1913 1207 1958 (XV
1215 1915 1344 1949 2869α.
1369 1913 1462 1957 Eph.
1476 1924 1528 1956 ep.
1542 1915 1575 1953 9,
1588 1913 1665 1955 424,
1676 1912 1770 1957 49¹).
1786 1930 1833 1937 -·—
1857 1913 1891 1955 1)
1916 1910 2038 1954 Signi-

325 1971 489 2013 ficantur
518 1972 597 2003 sine
627 1970 735 2003 dubio
750 1973 911 2005 „nomina
944 1972 1019 2004 tria
1048 1971 1186 2004 domini
1213 1970 1426 2013 figlinarum
1455 1969 1753 2004 Medianensium.
1805 1967 1979 2002 Fortasse
2005 1969 2039 2001 is

325 2027 400 2068 l'uit
426 2027 465 2069 Q.
481 2027 635 2060 Fulvius
659 2025 824 2060 Rusticus
847 2031 1064 2061 memoratus
1088 2029 1127 2061 in
1152 2027 1256 2060 titulo
1282 2029 1358 2069 ipso
1382 2026 1445 2060 illo
1472 2026 1547 2060 loco
1570 2025 1739 2059 Baeticae
1762 2026 1903 2069 reperto
1925 2034 2039 2067 supra

326 2083 372 2119 N.
383 2084 480 2119 6919.
516 2084 606 2117 Eius
629 2094 738 2126 nepos
759 2083 835 2124 luit
849 2084 1004 2118 Fulvius
1021 2084 1257 2118 Charisianus
1274 2082 1362 2129 (ib),
1387 2083 1481 2116 unde
1506 2085 1546 2117 in
1570 2083 1744 2127 amphora
1767 2083 1900 2116 noum
1918 2079 2039 2115 Testa·

327 2142 381 2174 cei
405 2140 554 2182 Itomae,
585 2151 632 2173 ex
655 2139 804 2173 Baetica
827 2144 870 2174 ut
892 2142 1036 2175 videtur
1057 2141 1189 2183 allata,
1220 2140 1294 2175 XV
1307 2140 1398 2175 3876
1421 2141 1559 2183 pictum
1592 2139 1683 2173 vidit
1704 2138 1866 2172 Dressel:
1899 2136 2040 2172 Fulvio-

327 2207 400 2230 rum
426 2196 453 2230 11
479 2196 752 2229 Charisianorum
779 2199 814 2230 et
837 2196 974 2240 Rogati.

440 2287 585 2333 85772
621 2301 668 2327 ex
698 2289 876 2342 provinc.
904 2287 911 2345 Ι
938 2291 1156 2331 Mauretan.
1184 2287 1191 2345 Ι
1219 2289 1327 2330 Caes.
1357 2288 1474 2329 Tub.*

560 2365 584 2392 b
622 2380 669 2407 ex
700 2380 811 2419 prov.
838 2367 845 2423 Ι
872 2369 996 2410 Maur.
1028 2370 1135 2410 Caes.
1163 2367 1171 2425 Ι
1198 2368 1348 2409 Tubus.

561 2450 581 2471 ⁰
625 2458 672 2485 ex
703 2445 757 2485 o.²
788 2446 861 2487 Iuli
888 2445 893 2502 Ι
921 2448 1090 2488 Honor-⁸
1118 2445 1124 2501 Ι
1150 2460 1187 2500 p.
1218 2460 1269 2488 m.
1300 2447 1362 2488 C.⁴
1391 2446 1493 2488 Tub.

444 2524 486 2558 In
509 2525 693 2567 amphoris
716 2523 849 2559 Romae
878 2529 913 2559 et
940 2536 1055 2569 prope
1078 2525 1224 2560 Romam
1248 2527 1400 2570 repertis
1436 2523 1522 2570 (AV
1540 2525 1643 2559 2635.
1668 2524 1758 2559 2634
1789 2523 1924 2558 multas
1947 2523 2038 2557 vidit

328 2579 500 2625 Dressel).
539 2599 584 2605 —
626 2582 658 2623 1)
693 2579 900 2615 Tubusuctu
938 2582 1106 2625 oppidum
1140 2582 1393 2616 Mauretaniae
1429 2580 1492 2627 (cll
1521 2591 1633 2624 supra
1665 2579 1710 2617 Ν.
1733 2581 1809 2615 645.
1843 2581 1961 2624 6103).
1995 2598 2039 2606 -

328 2640 364 2681 2)
392 2637 560 2678 Olficina.
583 2655 630 2662 —
653 2639 687 2679 3)
711 2637 807 2671 Idem
830 2637 985 2678 sortasse
1013 2638 1048 2673 C.
1062 2638 1177 2671 Iulius
1192 2639 1399 2672 Honoratus
1421 2648 1527 2681 eques
1542 2636 1737 2679 Romanus,
1759 2639 1975 2671 memoratus
1997 2638 2038 2671 in

328 2695 565 2737 inscriptione
592 2693 873 2729 Tubusuctitana
906 2695 990 2729 VIII
1011 2695 1114 2729 8838.
1139 2713 1185 2719 —
1207 2696 1242 2736 4)
1267 2695 1459 2728 Proviswia
1484 2694 1715 2728 Mauretania
1741 2693 1976 2728 Caesariensi.

443 2861 559 2909 8578
617 2864 675 2904 Β.ι
701 2865 708 2915 Ι
735 2866 778 2907 L.
801 2867 875 2920 Op.
907 2867 952 2915 Q.
985 2867 1026 2910 F.
1056 2866 1107 2907 M.
1135 2864 1141 2922 Ι
1168 2868 1266 2907 cos.⁸

446 2930 488 2964 In
512 2930 602 2963 collo
627 2933 830 2975 amphorae,
854 2932 1019 2969 Faesulis
1035 2936 1212 2978 repertae,
1235 2935 1344 2976 nigro
1370 2933 1487 2967 colore
1509 2934 1684 2976 scriptum
1709 2931 1778 2974 (ΧΙ
1788 2932 1883 2975 ⁶627,
1899 2930 1919 2965 1
1941 2930 2038 2965 viaet

329 2989 545 3033 Bormann).
586 2987 627 3019 In
653 2988 742 3022 collo
767 2990 922 3024 eiusdem
946 2992 1141 3033 amphorae
1165 2990 1244 3025 Cina
1270 2990 1480 3024 vocabulum
1504 2992 1715 3033 impressum
1738 2987 1833 3022 vidit
1849 2986 2037 3022 Gomn-

330 3046 414 3079 nius
438 3045 506 3089 (XI
526 3048 623 3083 6695,
639 3045 714 3089 25).
738 3065 783 3072 -
810 3049 842 3090 1)
866 3048 1028 3082 Bonum?
1052 3045 1301 3091 (Hirschfeld).
1326 3066 1368 3072 —
1391 3048 1427 3089 2)
1454 3046 1492 3082 L.
1512 3046 1649 3091 Opimio
1674 3045 1715 3088 Q.
1734 3044 1848 3079 Fabio
1872 3043 2035 3078 Navi-a

2175 2883 2190 2988 'uA-2⁵2.-
2180 2847 2190 2863 A:
2184 2803 2190 2818 -.
2188 2751 2190 2754 A
