2196 3412
336 213 415 253 818
1062 208 1182 253 Caput
1202 207 1300 243 XVI.

452 327 676 361 Architeceos
699 324 873 358 militares
896 324 1002 356 habes
1024 332 1135 365 supra
1159 321 1206 356 N.
1221 320 1322 355 2057.
1344 319 1433 354 2424
1460 319 1570 364 (adde
1597 319 1667 364 (XI
1677 318 1774 363 630),
1809 318 2044 351 architectum

342 383 466 417 clauis
478 384 688 425 praetoriae
704 380 912 414 Misenensis
927 378 974 413 N.
985 379 1088 413 2872.
1103 397 1149 403 -
1173 378 1370 411 Mentiones
1392 378 1666 410 architectorum
1691 379 1730 408 in
1747 375 1912 418 operibus
1924 372 2045 417 publi-

339 441 390 473 cis
420 439 631 482 inscriptae,
664 447 775 480 cupra
807 435 853 470 Ν.
876 437 995 470 5483·.
1023 433 1150 470 5637b.
1179 435 1303 470 5638·.
1331 433 1428 476 5741,
1464 432 1510 474 cs.
1543 433 1638 467 4748.
1667 432 1768 467 5578.
1799 432 1914 475 5539;
1951 428 2046 464 adde

339 495 374 530 Χ
392 496 489 530 4587.
521 495 574 528 XI
591 495 692 528 3945.

451 564 563 611 7734
621 565 728 612 vivit,
763 561 770 618 Ι
805 565 851 610 Q.
883 563 1036 603 Caelius
1066 563 1134 615 Sp.
1165 564 1193 602 f.
1226 562 1320 602 Vivi.
1347 561 1354 617 Ι
1381 561 1620 601 architectus
1650 560 1816 609 navalis;
1858 557 1865 612 Ι
1904 558 2007 606 vivit,
2033 553 2042 612 Ι

338 647 439 676 uxor
469 633 640 674 Camidia
670 632 720 672 Μ.
750 632 776 672 l.
803 630 810 686 Ι
837 630 1070 683 Aprhodisia
1096 632 1103 681 Ι

695 700 850 752 Hospes
880 699 1018 740 resiste
1049 705 1088 739 et
1118 699 1192 739 nisi
1224 696 1454 754 mlolestust‚
1485 697 1658 750 perlege.

694 768 782 809 Noli
808 766 815 822 Ι
841 774 1073 809 stomacare.
1118 767 1286 815 Suadeo,
1313 764 1319 821 Ι
1345 766 1498 807 caldum
1532 764 1658 805 bibas.

1168 835 1431 875 Moriundust.
1461 833 1568 873 Vale.

450 903 510 937 Ad
534 903 651 937 Lirim
675 905 714 935 in
738 912 830 945 agro
855 902 980 946 oppidi
1002 901 1067 936 SS.
1092 902 1236 935 cosmae
1259 905 1294 934 et
1316 901 1490 934 Damiani
1521 899 1610 944 (non
1632 898 1762 942 procul
1784 910 1806 932 a
1830 896 2044 942 Minturnis)

338 972 414 1005 rep.
438 961 490 1002 (X
503 960 592 995 5574
616 959 733 1002 semel,
749 962 868 992 nescio
885 969 992 1002 quam
1009 962 1190 1000 accurate,
1207 959 1420 1001 descripta).
1456 957 1650 990 Buecheler
1667 966 1776 990 carm.
1792 957 1908 999 epigr.
1924 954 2000 989 448.

452 1017 558 1051 Alius
582 1017 799 1050 architectus
821 1016 964 1049 navalis
986 1015 1056 1049 XI!
1076 1016 1158 1051 725.

448 1095 562 1142 7735
620 1098 657 1137 d.
689 1109 740 1136 m.
768 1093 775 1151 Ι
802 1096 844 1136 C.
874 1096 1098 1149 Pomponio
1124 1095 1130 1151 Ι
1160 1096 1371 1136 Heraconti
1397 1099 1484 1144 (sic)
1511 1093 1518 1150 Ι
1544 1096 1771 1136 dulcissimo
1797 1095 1805 1148 Ι
1831 1095 1882 1135 Μ.
1908 1094 2047 1147 Ulpius

337 1167 438 1208 Hera
466 1166 472 1221 Ι
500 1173 539 1207 et
558 1165 708 1206 Valeria
730 1162 954 1220 Saltoruina
969 1169 1054 1214 (sic)
1075 1163 1274 1220 palrentes
1294 1163 1547 1219 harcbiltecto
1563 1169 1648 1213 (eie)
1680 1161 1832 1222 [fJabro
1859 1162 1867 1219 Ι
1893 1163 2045 1205 nabali¹

337 1242 514 1289 optumo,
542 1232 549 1290 Ι
575 1235 668 1274 vixit
697 1247 825 1274 annos
854 1233 956 1274 XXV
988 1243 1138 1289 (navis).

450 1302 580 1337 Romae
598 1302 646 1335 ad
655 1304 801 1345 portam
820 1301 1001 1334 Salariam
1018 1311 1091 1344 rep.
1117 1300 1189 1346 (VI
1202 1300 1326 1335 33833
1342 1316 1385 1328 =
1402 1299 1549 1334 Notizie
1565 1300 1663 1342 degli
1677 1301 1777 1333 scam·
1799 1300 1887 1334 4888
1907 1309 1943 1343 p.
1954 1296 2047 1343 570).

334 1379 380 1385 —
418 1362 451 1403 1)
481 1360 603 1394 Faber
637 1358 780 1391 navalis
815 1360 922 1390 etiam
952 1356 996 1391 N.
1020 1357 1131 1401 7725,·
1165 1368 1318 1401 corpora
1353 1356 1500 1398 fabrum
1530 1356 1714 1390 navalium
1745 1355 1789 1390 Ν.
1813 1356 1912 1391 6472.
1945 1355 2047 1390 7726.

339 1416 687 1461 (Naupegiariorum
722 1415 910 1458 collegium
946 1417 986 1447 in
1023 1415 1127 1448 titulo
1164 1414 1299 1456 ficticia
1336 1414 1388 1448 VI
1409 1415 1574 1458 5,192*;
1614 1424 1736 1458 naupe.
1771 1415 1812 1446 in
1847 1414 1872 1445 t.
1903 1410 2047 1446 clusino

340 1473 393 1507 XI
412 1473 504 1507 2435
529 1473 645 1515 legere
667 1474 738 1506 eibi
759 1473 858 1505 visus
881 1474 934 1504 est
955 1471 1169 1515 Bor-mann.)

450 1597 564 1643 7736
623 1611 784 1653 (parma,
807 1610 932 1643 hastae
955 1608 1065 1653 duae)
1104 1595 1241 1655 [tr]ib.¹
1281 1598 1477 1648 claudia²‚
1519 1596 1526 1652 Ι
1575 1595 1647 1654 [L]
1680 1597 1872 1639 Aebutius
1910 1597 1956 1638 L.
1987 1593 2048 1652 Ι.Ι

337 1665 546 1725 [Haustus
576 1670 749 1720 mensor,
777 1666 784 1722 Ι
811 1667 931 1716 Vlvir,
967 1667 1041 1708 sibi
1072 1674 1111 1708 et
1137 1665 1143 1721 Ι
1169 1668 1305 1708 Arriae
1331 1668 1379 1715 Q.
1401 1668 1426 1708 l.
1447 1668 1595 1707 Auctae
1622 1665 1629 1716 Ι
1655 1667 1769 1707 uxori
1800 1673 1839 1707 et
1867 1669 1951 1707 suls
1981 1666 2049 1718 et}

340 1737 489 1790 ΖΘΡΥΓΕ
519 1735 649 1776 libert·
681 1735 687 1789 Ι
709 1750 743 1776 V·
775 1737 801 1776 f·
834 1749 948 1788 (inter
963 1745 1080 1786 fasces
1096 1747 1186 1780 duos
1211 1757 1291 1779 cum
1306 1747 1490 1780 securibus
1513 1746 1688 1779 Ivi-sellium
1705 1747 1873 1778 ornatum
1898 1747 1933 1777 et
1954 1746 2048 1777 sira-

337 1807 415 1837 tum
434 1803 584 1847 pulvino
593 1812 608 1847 ‚·
644 1801 746 1844 infra
767 1803 949 1846 groma⁸).

454 1860 657 1902 Eporediae
675 1859 810 1904 (lvrea)
837 1860 894 1900 (V
903 1860 988 1894 6786
1012 1861 1104 1893 vidit
1119 1860 1332 1900 Mommsem·
1355 1861 1551 1902 imaginem
1575 1858 1674 1891 dedit
1696 1859 1739 1892 Η.
1752 1857 1908 1892 Schoene
1927 1858 2049 1892 Jahrb.

338 1917 400 1950 dee
425 1917 603 1950 archaeol.
627 1916 715 1950 Inst.
741 1916 823 1949 4904
851 1918 921 1951 tab.
938 1917 976 1950 11
998 1917 1046 1957 cf.
1064 1928 1103 1960 p.
1119 1917 1216 1961 428).
1248 1935 1293 1941 -
1324 1917 1355 1958 1)
1385 1914 1503 1949 Τνίὺα.
1528 1934 1571 1940 -
1605 1917 1639 1957 2)
1663 1916 1805 1948 Primus
1827 1926 1950 1949 versus
1972 1913 2051 1955 for-

341 1976 430 2007 tasse
456 1977 581 2016 postea
616 1973 785 2006 adiectus.
824 1991 869 1997 —
909 1975 942 2015 3)
970 1973 1100 2007 Groma
1125 1975 1275 2015 agnovit
1300 1973 1520 2007 Cavedonius
1546 1972 1630 2007 buu.
1654 1972 1808 2006 archeol.
1832 1972 2051 2015 napolelano

339 2031 429 2064 4852
450 2040 487 2072 p.
502 2030 565 2070 7o‚·
604 2030 701 2062 dia-it
725 2030 767 2062 de
790 2041 831 2062 ea
855 2041 894 2062 re
919 2030 962 2063 H.
981 2029 1140 2064 Schoene
1163 2030 1287 2064 Jahrb.
1313 2030 1334 2063 l.
1353 2040 1381 2065 c.

453 2109 565 2158 7737
607 2123 662 2162 (in
687 2123 760 2154 ima
786 2121 879 2167 basi)
911 2112 956 2152 T.
985 2113 1137 2152 Statilio
1170 2112 1251 2152 Vol.
1283 2115 1390 2164 Apro
1421 2113 1595 2152 mensori
1635 2110 1641 2167 Ι
1682 2113 1920 2161 aedificior.¹‚
1959 2113 2053 2152 vixit

340 2193 436 2220 ann.
467 2179 573 2220 XXII
603 2192 655 2219 m.
679 2179 763 2219 V111
794 2179 831 2219 d.
865 2179 944 2229 XV,
985 2179 993 2234 Ι
1033 2180 1078 2222 Τ.
1100 2180 1277 2221 Statilius
1298 2180 1380 2219 Vol.
1403 2180 1596 2221 Proculus
1622 2178 1628 2235 Ι
1661 2193 1852 2221 accensus
1881 2178 2053 2220 velatus⁸

342 2255 382 2289 et
411 2248 641 2301 Argentaria
669 2246 675 2301 Ι
703 2247 892 2301 Eutychia
924 2254 1110 2301 parentes
1141 2248 1220 2288 filio
1253 2254 1416 2300 optumo
1449 2255 1488 2288 et
1512 2247 1519 2303 Ι
1547 2248 1724 2289 Orciviae
1748 2248 1907 2290 Anthidi
1937 2248 2052 2289 uxori

343 2317 440 2365 eius,
471 2316 587 2368 sibiq.
609 2322 648 2356 et
667 2316 760 2363 suis,
788 2313 795 2370 Ι
826 2316 977 2357 libertis
997 2316 1213 2358 libertabus
1234 2317 1484 2370 posterisque
1505 2329 1658 2357 eorum.
1689 2326 1830 2370 (Supra
1845 2328 2051 2370 emer-cptio-

343 2394 422 2416 nem
447 2393 536 2426 quae
557 2381 757 2426 praecedit)

675 2440 874 2480 innocuus
903 2440 1031 2493 Aper'
1062 2453 1154 2481 ecce
1185 2441 1289 2481 iaces
1320 2454 1402 2482 non
1434 2442 1594 2494 virginis
1624 2442 1692 2489 ira,

675 2521 751 2549 nec
782 2509 977 2560 Meleager
1003 2509 1009 2559 Ι
1035 2516 1145 2549 atrox
1177 2510 1349 2562 perfodit
1378 2510 1525 2551 viscera
1553 2511 1674 2558 ferro,

676 2589 784 2618 mors
813 2577 928 2617 tacita
959 2578 1135 2630 obrepsit
1164 2578 1295 2618 subito
1326 2578 1459 2631 fecitq.
1488 2579 1495 2631 Ι
1522 2579 1678 2618 ruinam

677 2658 777 2698 quae
807 2644 879 2686 tibi
910 2645 1103 2685 crescenti
1134 2647 1266 2698 rapuit
1294 2646 1464 2686 iuvenile
1495 2647 1675 2699 figuram.

348 2713 408 2758 (In
433 2712 549 2746 media
573 2710 697 2752 fronte
720 2723 808 2746 arae
830 2713 981 2754 iuvenis,
1003 2722 1114 2744 manu
1137 2713 1206 2747 sin.
1230 2713 1392 2746 volumen
1417 2716 1550 2756 tenens,
1574 2715 1679 2747 iuoeta
1697 2714 1855 2757 capsula,
1880 2714 1931 2749 ad
1949 2714 2055 2758 pedon

348 2772 489 2803 iuvenis
514 2772 607 2803 iacet
631 2768 742 2812 aper-⁸
765 2769 966 2809 exanimi&
989 2768 1109 2801 adstat
1127 2767 1269 2803 Genius.
1310 2769 1352 2803 ln
1376 2770 1487 2803 latere
1511 2781 1600 2804 arae
1624 2771 1851 2815 decempeda,
1874 2774 1914 2805 in
1937 2771 2054 2805 auaro

1000 2826 1109 2859 latere
1132 2826 1254 2859 thecae
1276 2826 1396 2871 duae.)

463 2881 606 2925 Romae,
631 2883 735 2923 basis,
759 2882 822 2915 diu
847 2884 885 2916 in
910 2882 1099 2921 Vaticano,
1122 2883 1195 2916 iam
1220 2884 1259 2916 in
1283 2893 1400 2917 museo
1421 2883 1622 2927 Capitolino
1647 2883 1816 2929 (V14975
1840 2883 1888 2926 σΙῖ
1902 2895 1939 2928 ρ.
1954 2883 2056 2920 3233

352 2939 443 2973 vidit
462 2939 613 2974 nemon.
655 2939 851 2982 Imaginem
870 2940 1021 2973 laterum
1046 2938 1143 2972 dedit
1162 2939 1293 2973 Gruter
1306 2940 1384 2982 624,
1401 2941 1443 2981 2,
1467 2939 1602 2981 frontis
1618 2941 1783 2984 Foggim‘
1797 2952 1886 2976 mue.
1903 2940 2054 2984 capitol.

350 2995 550 3039 anaglyph.
576 2996 643 3029 tab.
660 2997 717 3039 9).
764 2996 957 3029 Buecheler
980 3006 1090 3031 carm.
1114 2998 1229 3039 epigr.
1252 2996 1325 3030 441.
1360 3015 1406 3022 —
1443 2998 1475 3039 1)
1499 2998 1576 3031 Alii
1597 3008 1775 3033 memor-ee
1805 2997 2056 3039 aedificiorum·

350 3062 461 3096 supra
478 3050 524 3086 Ν.
538 3051 634 3086 4689.
660 3052 714 3085 ΙΙΙ
729 3053 828 3087 2429.
853 3052 904 3086 VI
918 3053 1167 3087 9622—9625.
1188 3052 1278 3087 XIV
1288 3052 1394 3087 3032.
1412 3053 1514 3089 3743.
1526 3073 1571 3079 --
1588 3055 1622 3096 2)
1640 3053 1693 3095 ct:
1705 3065 1819 3099 supra
1831 3053 1878 3090 Ν.
1889 3054 2055 3097 (meoq-

350 3127 397 3134 —
421 3110 455 3151 3)
478 3108 708 3142 Decimilibue
731 3109 866 3143 ducibui
889 3113 963 3153 egit
989 3109 1088 3143 Gaetu·
1110 3109 1203 3144 Bau.
1228 3110 1413 3143 comunale
1437 3111 1522 3145 4887
1543 3121 1579 3153 ρ.
1599 3111 1670 3145 447.
